2414 4236
204 451 360 502 SCHOLIA
379 452 416 502 IN
434 450 710 503 ELEMENTORUM
728 452 868 504 LIBRUM
881 453 941 506 v11.
1014 449 1080 514 385

399 612 454 676 Ad
478 633 582 696 prop.
606 610 754 676 XXXIX.

133 735 184 800 76.
211 729 320 798 Ἔστω
344 730 383 799 τὰ
409 733 558 800 δοθέντα
581 733 663 819 μέρη
689 733 783 818 δέκα,
813 732 868 800 καὶ
893 734 972 801 δέον
996 738 1078 801 έστω

65 837 178 926 εὑρεῖν
201 841 358 907 τοιοῦτον
376 835 533 943 νἰριθμὸν
556 837 745 925 ἐλάχιστον,
773 834 811 919 ὃς
838 844 904 926 ἔχει
932 838 972 907 τὰ
999 841 1078 908 δέκα

64 946 157 1033 μέρη.
194 949 263 1011 ἔστι
283 944 320 1012 δὲ
339 942 356 1012 6
378 949 406 1025 ξ·
430 944 553 1013 τούτου
566 943 631 1043 γὰρ
648 941 708 1012 οὐκ
723 941 767 1013 ἂν
782 942 893 1033 εὕροις
908 945 1078 1032 ἐλάττονα,

65 1049 103 1132 ὃς
135 1053 198 1133 ἕξει
230 1055 333 1119 ταῦτα
361 1049 401 1118 τδι
429 1052 512 1138 μέρη
540 1049 578 1119 τό
606 1077 640 1118 τε
668 1047 772 1139 ἣμισυ
798 1052 854 1119 καὶ
882 1057 995 1139 τρίτον
1023 1054 1078 1120 καὶ
1117 1077 1133 1126 5

64 1158 222 1242 τέταρτον
244 1158 300 1225 καὶ
323 1158 471 1243 πέμπτον
494 1157 550 1225 καὶ
574 1159 670 1226 ἕκτον
692 1160 749 1227 καὶ
773 1161 913 1228 δέκατον
936 1160 992 1227 καὶ
1017 1163 1080 1228 δω-

65 1267 206 1334 δέκατον
235 1263 290 1330 καὶ
318 1263 614 1332 πεντεκαιδέκατον
642 1265 698 1332 καὶ
726 1265 881 1334 εἰκοστὸν
908 1266 963 1333 καὶ
991 1293 1081 1352 τρια-

64 1368 188 1439 κοστὸν
213 1371 280 1454 [καὶ
305 1369 508 1457 ἑξηκοστόν].
554 1375 623 1438 ἔστι
648 1370 685 1438 δὲ
708 1369 745 1439 τὸ
770 1370 831 1457 μὲν
854 1370 958 1459 ἥμισυ
976 1364 1081 1455 τῶν”ξ

66 1469 125 1545 δλ
143 1473 299 1565 ἀριθμός,
318 1476 355 1545 τὸ
372 1475 407 1545 δὲ
423 1475 457 1562 γ’
478 1474 496 1544 6
516 1480 546 1562 ιἰ,
570 1475 608 1545 τὸ
624 1477 661 1545 δὲ
676 1477 710 1544 δ’
730 1477 805 1564 ass,
822 1477 860 1548 τὸ
880 1478 917 1547 δὲ
931 1480 1080 1567 πέμπτον

66 1581 85 1652 6
110 1575 155 1670 [6]
178 1582 216 1652 τδ
242 1581 279 1651 δὲ
298 1584 330 1661 ς’
351 1580 369 1651 6
393 1588 421 1668 ῖ,
445 1581 483 1650 τὸ
507 1583 544 1651 δὲ
568 1584 615 1670 ιβ’
636 1582 653 1652 6
672 1596 700 1670 i,
724 1582 761 1653 τὸ
786 1587 926 1654 δέκατον
950 1583 1019 1672 δξ,
1041 1584 1079 1655 τὸ
1101 1610 1134 1660 10

67 1690 105 1758 δὲ
126 1692 424 1759 πεντεκαιδέκατον
453 1687 470 1757 ὁ
493 1682 532 1777 δ,
564 1688 602 1758 τδ
627 1691 664 1758 δὲ
687 1691 720 1758 κ’
746 1689 764 1760 6
788 1696 824 1779 ᾧ,
856 1692 894 1761 τὸ
923 1690 961 1760 δὲ
988 1718 1081 1779 τρια-

64 1796 189 1865 κοστὸν
211 1794 229 1865 ὁ
252 1789 287 1883 B,
310 1797 366 1864 καὶ
389 1796 426 1865 τὸ
451 1795 631 1884 ἑξηκοστὸν
655 1799 696 1867 δέ
716 1798 806 1867 ἐστιν
829 1796 851 1885 ἡ
875 1797 990 1886 μονάς.

134 1908 185 1973 Π.
214 1901 248 1970 Ὁ
266 1907 349 1992 ὀβρῗκ
369 1903 540 1991 ἐλάχιστος
554 1900 603 1972 ῶν
617 1899 765 1991 ιἰριθμδς
780 1908 842 1992 ἔχει
855 1904 895 1984 L''
910 1905 943 1992 γ’
960 1905 993 1974 δ’
1009 1908 1038 1974 ε’
1053 1906 1081 1984 ς’

66 2011 224 2096 ἕβδομον,
249 2007 388 2096 ὄγδοον,
411 2008 463 2094 θ’,
483 2009 519 2096 ι’,
543 2010 599 2078 καὶ
619 2007 637 2078 6
657 2013 843 2080 διπλασίων
862 2009 968 2081 αὐτοῦ
987 2010 1005 2082 ὁ
1026 2019 1080 2104 ,ῖμ

67 2119 133 2200 ἔχει
157 2112 197 2192 L''
222 2113 256 2199 γ’
281 2114 315 2182 δ’
339 2114 367 2182 ε’
393 2115 424 2188 ς’
448 2115 475 2198 ζ’
500 2114 535 2203 η’
559 2116 598 2184 θ’
622 2116 657 2185 ι’.
1102 2139 1135 2187 ιο

135 2224 186 2288 78.
223 2217 258 2287 Ὁ
281 2225 363 2310 We
395 2221 546 2291 ἐλάσσων
579 2220 726 2309 ἀριθμὸς
748 2221 797 2291 ῶν
825 2229 890 2312 ἔχει
918 2226 973 2292 καὶ
1002 2218 1083 2311 ὅθ·

66 2330 221 2394 τλασίων
231 2321 336 2395 αὐτοῦ
347 2331 400 2418 ,343
414 2332 479 2416 ἔχει
490 2328 519 2407 L'
529 2328 563 2415 γ’
576 2327 608 2396 δ’
620 2327 649 2396 ε’
659 2328 691 2404 ς’
703 2329 731 2410 ζ’
745 2331 780 2415 η’
793 2328 833 2396 θ’
848 2328 884 2398 ι’.
908 2329 1081 2417 δμῶννμοι

67 2433 105 2500 δὲ
132 2436 200 2501 τῶν
224 2437 352 2521 μορίων
375 2434 505 2503 τούτων
529 2435 674 2522 ἀριθμοί
694 2439 758 2503 εἰσι
781 2447 844 2504 τοῦ
865 2436 927 2524 μὲν
950 2436 981 2515 L'
1005 2434 1023 2504 6
1048 2429 1081 2522 δ,

66 2542 128 2606 τοῦ
151 2537 188 2607 δὲ
211 2544 326 2626 τρίτον
349 2536 367 2608 6
391 2546 422 2627 ᾧ,
446 2545 508 2608 τοῦ
531 2541 569 2608 δὲ
593 2540 626 2608 δ’
651 2541 669 2610 6
694 2544 838 2629 τέσσαρα
860 2544 916 2611 καὶ
939 2543 1024 2630 ἑξῆς.

134 2649 184 2714 79.
226 2650 332 2715 Τοῦτο
360 2647 632 2734 καθολικώτερον
659 2653 721 2716 τοῦ
749 2648 812 2717 δύο
841 2647 1001 2738 ἀριθμῶν
1025 2653 1079 2718 δο·
1099 2668 1134 2718 20

66 2753 199 2821 θέντων
233 2754 289 2820 καὶ
325 2757 429 2840 τριῶν
467 2750 625 2841 ἀριθμῶν
662 2756 836 2824 δοθέντων
873 2753 1001 2842 εὑρεῖν,
1039 2752 1081 2825 δν

66 2858 240 2943 ἐλάχιστον
267 2863 456 2946 μετροῦσιν.
502 2858 542 2926 τὰ
570 2861 684 2945 μέντοι
712 2861 775 2929 δύο
803 2861 968 2948 περὶτῶν
993 2861 1081 2948 δμω-

66 2963 184 3048 νύμων
207 2964 409 3051 θεωρήματα
438 2969 524 3033 ἔοικε
549 2969 609 3052 τῆς
630 2965 712 3034 κατὰ
735 2971 834 3036 τοῦτο
857 2965 895 3035 τδ
918 2967 1081 3056 θεῶρημα

65 3075 178 3155 χρείας
200 3071 296 3138 ἕνεκα
319 3074 550 3158 παρειλῆφθαι
572 3072 628 3140 καὶ
652 3076 707 3141 διὰ
733 3074 837 3159 μέσον
859 3081 1045 3143 τεθεῖσθαι.

67 3173 390 3264 ’Ῑῆθθιιωᾳ
408 3194 533 3266 (οἰνος
557 3196 623 3251 inde
642 3197 678 3250 ab
697 3194 756 3253 tm
774 3198 823 3253 fin.
842 3202 859 3252 ε
877 3197 900 3251 Ρ
920 3198 1004 3254 solus.

67 3271 109 3320 77.
129 3264 175 3318 δ”.
250 3270 292 3320 78.
312 3266 339 3320 b.
414 3271 456 3321 79.
476 3265 718 3338 PssVat.q(1b⁸);
737 3266 779 3332 εἰς
797 3265 828 3324 ιδ
848 3266 898 3323 λθ’
918 3268 983 3325 Vat.

138 3377 162 3426 2.
184 3369 266 3459 ἔστω]
287 3369 411 3426 ἔστωσαν
426 3372 470 3443 lb,
490 3370 564 3428 ἔνθα
584 3392 610 3443 q.
680 3372 763 3500 ἔττορμ
783 3375 885 3444 Ρῗαδ,
904 3371 981 3431 ἔστιν
996 3375 1081 3444 Bvq.

102 3448 127 3496 4.
147 3440 213 3513 γάρ]
233 3445 264 3498 δι
284 3441 341 3511 Vq.
401 3438 450 3514 ἄν]
470 3461 567 3500 om..
630 3440 715 3517 εὕρῃς
761 3488 767 3501 .
841 3450 866 3501 θ.
885 3448 979 3516 τρίταν
1006 3466 1038 3501 το
1051 3444 1080 3518 μ’

66 3512 158 3569 Pvat.
232 3518 256 3568 6.
276 3511 421 3586 τέταρτον]
440 3512 473 3569 τὸ
493 3513 522 3569 δ’
537 3462 630 3571 XVat.
703 3523 727 3573 ’1.
747 3516 796 3571 καὶ
809 3520 964 3574 κιντικαιδ
980 3519 1081 3591 κατον]

67 3600 120 3639 om.
140 3584 198 3652 Vq.
284 3584 332 3639 καλ
352 3583 494 3658 εἰκοστόν]
519 3603 573 3643 om.
593 3587 629 3657 B,
652 3591 717 3656 post
742 3584 907 3657 τριακοστόν
926 3588 983 3658 Vq.
1057 3594 1082 3644 8.

67 3655 116 3709 καλ
136 3651 307 3781 έξηκοσιόνδ
323 3670 376 3711 om.
392 3657 422 3710 P.
490 3662 533 3712 21.
552 3659 605 3712 καί
617 3689 649 3698 -
666 3657 826 3730 δοθέντων]
845 3676 898 3714 om.
914 3658 969 3729 Bq.
1038 3666 1081 3716 2³.

66 3723 263 3796 θεωρημάτων
308 3731 378 3795 at.q.
458 3725 551 3783 ἔοικεν
569 3728 628 3784 ΡΒ.
710 3728 773 3802 τῆς]
792 3736 850 3794 τοῖς
867 3748 894 3799 q.
976 3737 1020 3787 24.
1040 3750 1082 3786 τε·

66 3796 181 3864 θῆσθαι
199 3795 230 3864 Ρ,
249 3799 372 3868 τεθῆναι
390 3798 445 3867 Bq.

121 3893 266 3946 Ενοῖῖσιι,
283 3896 332 3938 edd.
347 3897 452 3952 Ηελθιτα
465 3902 488 3942 ιλ
503 3899 594 3956 Mense.
616 3903 647 3947 V.
901 3894 943 3944 Ἃ
