2424 4320
384 485 568 538 APPENDIX
584 482 822 536 SGHOLIORUM
839 483 875 535 11.

121 656 161 717 τη
146 632 252 695 ΑΗ
275 634 340 712 ίση
382 621 615 712 καληΑΗ
594 649 660 708 αμα
681 648 722 711 τη
745 628 809 688 ΒΖ
831 628 898 707 ίση
933 616 1006 687 ἀλλ’
1032 616 1137 704 ἡΒΖ

121 746 162 821 τῇ
186 739 257 801 ΒΗ
282 740 351 818 ίση·
386 732 442 798 καὶ
465 758 486 818 η
511 735 584 797 ΒΗ
601 726 667 814 ἅμα
694 731 735 816 τῇ
758 731 833 795 ΑΗ
857 735 923 812 ίση.
968 725 1141 806 ἰσοσκελὲς

123 2318 189 2404 ἄρα
213 2319 282 2387 ἐστὶ
304 2318 342 2386 τὸ
362 2324 467 2387 ΗΑΒ
490 2325 657 2405 τρίγωνον
674 2319 730 2385 καὶ
750 2321 892 2405 συνέστη
913 2320 967 2388 ἐπὶ
985 2322 1045 2405 της
1063 2325 1139 2385 ΑΒ.

124 2423 175 2493 ὅτι
195 2425 232 2493 δὲ
250 2421 352 2510 ἡΛΒ
371 2423 516 2492 ἐλάττων
533 2427 592 2510 τῆς
606 2428 688 2509 ΑΗ,
712 2427 828 2508 δῆλον,
852 2423 904 2492 ὅτι
923 2425 978 2492 καλ
996 2428 1058 2510 τῆς
1071 2430 1143 2491 ΑΒ

88 2531 279 2601 εέλοὶττων.

188 2635 274 2704 Ἀλλ’
296 2637 364 2705 ἐπεὶ
387 2634 425 2704 τὸ
445 2641 550 2703 ΗΑΒ
574 2640 740 2720 τρίγωνον
765 2638 907 2722 συνέστη
928 2637 982 2705 έπὶ
1000 2641 1059 2723 τῆς
1077 2641 1146 2704 ΑΓ

123 2738 259 2822 εὐθείας
278 2742 454 2822 ἐλάττονος
475 2751 544 2809 τῶν
558 2747 640 2825 ΗΑ,
655 2746 735 2826 ΗΒ,
759 2745 828 2809 ἔστι
852 2743 999 2810 δυνατὸν
1020 2743 1139 2828 σνστή·

123 2857 250 2917 σασθαι
277 2848 315 2917 τὸ
344 2851 501 2917 τοιοῦτον
530 2845 699 2924 ἰσοσκελὲς
725 2852 893 2932 τρίγωνον
922 2849 975 2916 ἐπὶ
1002 2853 1062 2936 τῆς
1084 2854 1138 2915 θο-

123 2960 241 3041 θείσης
268 2952 405 3033 εὐθείας
431 2953 487 3021 καὶ
516 2959 651 3039 μείζονα
678 2949 767 3020 εἶναι
794 2952 856 3039 την
880 2958 1046 3023 δοθεῖσαν
1068 2956 1135 3021 τοῖν

72 3084 105 3132 10
125 3059 187 3129 δύο
212 3069 296 3129 ίσων
319 3063 457 3129 σκελῶν.
494 3064 577 3128 ἔστω
600 3057 663 3146 γὰρ
687 3056 708 3145 ἡ
728 3062 870 3127 δοθεῖσα
889 3057 1008 3128 εὐθεῖα
1027 3058 1137 3147 ἡΛΓ,

125 3164 179 3252 ἐφ’
191 3159 231 3252 ἧς
247 3170 300 3235 δεῖ
311 3165 348 3234 τὸ
363 3168 519 3233 τοιοῦτον
534 3164 702 3244 ἰσοσκελὲς
715 3171 881 3251 τρίγωνον
896 3165 1139 3251 συστήσασθαι,

124 3273 180 3339 καὶ
203 3272 357 3359 εἰλήφθω
382 3272 435 3339 ἐπὶ
453 3280 512 3356 τῆς
530 3278 595 3338 ΑΒ
616 3269 720 3359 τυχὸν
743 3284 882 3358 σημεῖον
901 3270 939 3338 τὸ
956 3276 992 3339 Γ.
1028 3276 1061 3340 εί
1077 3270 1138 3359 μὲν

126 3374 189 3447 οὖν
212 3380 266 3447 ἐπὶ
287 3383 346 3464 τῆς
373 3381 565 3465 διχοτομίας
592 3376 660 3445 ἐστὶ
687 3373 724 3445 τὸ
749 3383 790 3462 Γ,
824 3377 976 3463 φανερόν
1005 3379 1075 3445 ἐστι
1102 3402 1139 3445 το

125 3485 337 3571 ζητούμενον.
359 3485 550 3571 ληφθέντος
565 3481 629 3569 γὰρ
644 3487 705 3553 τοῦ
720 3488 860 3572 σημείου
875 3484 928 3551 έτιλ
941 3486 1001 3570 τῆς
1012 3483 1138 3551 ΑΓκαὶ

72 3612 105 3661 ιο
124 3593 250 3680 κέντρῳ
265 3591 327 3677 μὲν
344 3601 390 3681 τῷ
405 3596 443 3676 Γ,
463 3590 661 3676 διαστήματι
678 3590 775 3681 &2193
791 3595 823 3657 Γ
836 3591 951 3681 καὶτῷ
971 3591 1140 3675 ληφθέντι

124 3701 250 3784 σημείῳ
274 3695 401 3764 κύκλου
423 3697 610 3782 γραφέντος
634 3693 966 3784 ἆφεξατμηθησονται
985 3692 1051 3762 ἀπὸ
1070 3698 1139 3763 τῶν

115 3800 275 3893 περάτων
293 3804 353 3893 τῆς
367 3806 432 3873 ΑΒ
451 3797 586 3880 εὐθείας
601 3800 657 3868 διὰ
672 3805 734 3869 τοῦ
750 3799 909 3870 τοιούτου
922 3797 1051 3868 κύκλου
1067 3807 1139 3868 ίσαι
