2414 4236
224 518 380 568 scflom
398 518 437 569 m
455 517 729 570 ωοωωωαυοωου
746 518 885 569 mmm
899 519 932 571 x,
1013 515 1078 579 427

66 654 152 724 ιἰλλδι
175 656 378 744 πηλικότητα
401 656 545 744 πῆχεως;
578 653 599 744 ῆ
619 656 732 744 ἐπειδὴ
752 655 792 725 τὰ
810 657 913 745 μέτρα
931 657 1025 725 θέσει
1045 660 1078 739 ἐξ

66 761 163 850 ἡμῶν
186 761 299 832 αὐτῶν
323 763 526 850 λαμβάνεται
549 764 605 831 καί
624 762 666 832 ού
689 762 800 850 φύσει,
823 764 879 831 καὶ
902 762 991 842 είκός
1009 765 1079 832 ἐστι

67 866 146 955 παρ’
167 866 259 955 ῆμῖν,
283 873 314 937 εί
332 867 438 950 οὕτως
461 875 564 957 ἔτυχε,
587 869 648 938 τὸν
670 881 780 957 πῆχυν
804 869 883 937 δίκα
903 868 1078 938 δακτύλων

67 973 164 1061 εἶναι,
188 973 266 1062 παρ’
288 975 403 1056 ἅλλοις
426 976 463 1044 δὲ
488 970 561 1044 οἷον
575 974 703 1056 Ἴνδοις
726 974 810 1044 ὀκτὼ
830 977 1004 1044 δακτύλων
1021 977 1077 1044 καὶ

66 1081 144 1169 παρ’
158 1081 272 1162 ἄλλοις
285 1081 409 1168 ἄλλων,
425 1081 482 1151 διὰ
496 1087 596 1152 τοῦτο
610 1081 802 1171 πρόσκειται
813 1081 851 1150 τὸ
862 1087 934 1151 δεῖν
945 1086 1077 1169 αίτῆσαι
1114 1106 1130 1156 σ

65 1192 267 1277 πηλικότητα
293 1188 436 1276 πήχεως,
465 1186 510 1269 ύς
537 1192 569 1257 εί
596 1190 764 1276 ἐλέγομεν·
802 1193 855 1257 δεῖ
877 1195 992 1276 λαβεῖν
1015 1189 1076 1276 τῆν

65 1296 266 1383 πηλικότητα
294 1299 356 1363 τοῦ
383 1295 513 1383 πήχεως
540 1292 745 1382 ὡρισμένην,
778 1294 888 1385 ὥσπερ
920 1291 985 1364 κᾶν
1015 1293 1076 1364 τὸν

65 1413 176 1490 πῆχυν
202 1401 288 1490 ῆμᾶς
316 1402 426 1488 ἔροιτό
455 1428 519 1486 τις,
551 1401 667 1469 πόσων
700 1403 768 1469 ἐστὶ
802 1401 992 1488 δακτύλων,
1026 1406 1079 1471 δεῖ

66 1513 199 1594 αἰτῆσαι
221 1507 258 1578 τὸ
283 1514 425 1595 πηλίκον
449 1505 566 1575 αὐτοῦ·
592 1506 674 1575 οὐδὲ
692 1506 757 1594 γὰρ
777 1505 795 1576 6
816 1508 978 1589 δάκτυλος
996 1507 1072 1577 οὐδ’

65 1612 84 1684 6
108 1619 192 1695 πούς
215 1612 288 1683 οὐδ’
311 1612 329 1683 6
353 1616 515 1701 μέδιμνος
538 1610 613 1682 οὐδ’
635 1612 717 1682 ἄλλο
742 1613 844 1683 οὐδὲν
863 1612 952 1704 παρὰ
971 1619 1074 1683 πᾶσίν
1095 1636 1129 1686 10

63 1720 196 1790 ἐστιτὰ
220 1719 319 1807 αύτύ,
349 1719 394 1802 ὡς
417 1729 553 1810 εῖρηται.
599 1717 641 1789 ού
668 1719 732 1807 γάρ
756 1724 822 1789 είσι
845 1720 960 1808 φύσει,
990 1717 1074 1789 ἀλλὰ

61 1829 172 1915 θέσει,
204 1829 259 1896 καὶ
292 1824 349 1895 διὰ
382 1830 481 1895 τοῦτο
508 1824 547 1896 τὸ
577 1825 659 1894 κατὰ
687 1826 748 1896 τὸν
775 1824 938 1914 ῆμίτερον
964 1832 1075 1915 πῆχυν

60 1941 204 2023 τρίπηχυ
227 1935 310 2002 κατὰ
332 1932 393 2003 τὸν
411 1932 490 2021 παρ’
507 1934 621 2015 ἄλλοις
640 1939 755 2003 ἔθνεσι
773 1937 883 2022 πῆχυν
903 1932 965 2003 ούκ
983 1940 1074 2004 ἔσται

61 2047 214 2129 τρίπηχυ,
239 2035 322 2109 ὥστε
342 2046 432 2108 ἔσται
450 2038 471 2128 ἡ
491 2037 570 2126 παρ’
591 2043 729 2121 ἐκείνοις
747 2048 947 2130 τριπηχναία
965 2038 986 2128 ῆ
1006 2069 1073 2132 τρι-

64 2150 202 2214 ποδιαία
220 2145 354 2234 γραμμὴ
372 2146 456 2236 πρὸς
474 2146 535 2234 τὴν
548 2143 627 2233 παρ’
644 2143 725 2233 ῆμῖν
744 2145 965 2235 ἀσύμμετρος,
988 2146 1073 2216 ἄλλα
1094 2169 1125 2217 15

61 2254 118 2320 καί
141 2250 159 2320 6
183 2251 262 2340 παρ’
282 2249 363 2341 ἡμῖν
386 2257 492 2340 πῆχυς
515 2251 598 2342 πρὸς
620 2251 680 2320 τδν
702 2250 781 2338 παρ’
803 2255 943 2335 ἐκείνοις
963 2260 1072 2343 πῆχυν

63 2357 187 2447 ὁμοίως
208 2359 263 2427 καλ
287 2357 410 2446 ἄλογος
432 2360 486 2427 καὶ
513 2356 722 2445 ἀσύμμετρος
740 2355 795 2426 διὰ
814 2356 852 2427 τὸ
872 2356 916 2447 μῆ
936 2355 1073 2447 ἄπαρτι-

63 2467 188 2548 ζόντως
209 2465 270 2535 τὸν
293 2462 371 2553 παρ’
394 2469 535 2546 ἐκείνοις
557 2469 667 2553 πῆχυν
690 2473 883 2554 μετρεῖσθαι
906 2465 990 2552 πρὸς
1012 2470 1074 2535 τοῦ

63 2571 140 2659 παρ’
162 2571 243 2660 ῆμῖν
266 2572 442 2641 δακτύλου.
484 2578 617 2640 ἔσονται
641 2572 678 2640 δὲ
701 2575 740 2661 τῆ
764 2578 963 2662 προτεθείση
988 2575 1072 2664 ῆητῆ

61 2677 189 2769 εὐθείᾳ,
204 2689 269 2748 είτε
282 2685 429 2767 πηχυαία
444 2679 534 2748 ἐστὶν
549 2687 612 2746 είτε
627 2682 765 2747 ποδιαία
779 2687 844 2747 είτε
858 2686 1071 2748 παλαιστιαία
1089 2698 1125 2749 20

59 2782 81 2873 ῆ
107 2789 313 2871 δακτυλιαία,
337 2783 468 2873 ἄπειροι
492 2786 674 2871 σύμμετροι
698 2784 793 2872 μήκει
816 2786 871 2852 καὶ
895 2787 992 2873 ῥηταί
1015 2788 1072 2855 καί

59 2890 183 2980 δμοίως
196 2889 400 2980 ἀσύμμετροι
415 2890 555 2977 ἄπειροι.
580 2889 660 2971 ὅσας
674 2891 736 2977 μὲν
747 2890 812 2979 γὰρ
827 2889 1071 2981 ἀπαρτιζόντως

61 3012 182 3086 μετρεῖ,
206 2996 402 3086 σύμμετροι·
425 3011 539 3086 μετρεῖ
559 2995 624 3083 γὰρ
647 2998 703 3064 καί
727 2995 849 3084 ἑαυτῆν
867 2999 923 3066 καί
943 3002 1071 3081 ἐκείνας

58 3112 116 3172 καί
137 3108 204 3173 ἐστι
228 3103 347 3172 κοινὸν
370 3106 492 3191 μέτρον
516 3101 600 3190 αύτῆ
618 3105 674 3172 καί
694 3103 812 3189 ἑαυτῆς
829 3101 1006 3190 κάκείνων,
1030 3102 1069 3186 ἃς

57 3225 176 3297 μετρεῖ.
223 3211 390 3297 ἐνδέχεται
418 3209 456 3278 δὲ
477 3216 549 3295 καί,
582 3205 625 3296 ἢν
654 3206 699 3297 μῆ
729 3224 842 3297 μετρεῖ
867 3208 888 3297 ἡ
911 3219 1068 3300 πηχυαιά,
1087 3228 1121 3277 25

57 3316 247 3405 σύμμετρον
271 3315 436 3385 εἶναικαὶ
461 3316 565 3403 ὁητῆν
588 3319 628 3404 τῆ
652 3321 810 3407 πηχυαίᾳ,
835 3315 916 3386 ὅταν
939 3317 983 3406 μῆ
1007 3317 1068 3387 τὸν

55 3433 165 3510 πῆχυν
185 3428 311 3510 ἔχωμεν
329 3427 550 3509 προκείμενον
564 3418 646 3507 ἡμῖν
665 3419 709 3502 ὡς
723 3424 846 3512 μέτρον
859 3424 914 3491 καί
929 3423 1068 3510 κανόνα,

55 3527 142 3615 ἄλλ’,
175 3535 206 3597 εἰ
232 3528 343 3616 τύχοι,
375 3527 436 3598 τὸν
464 3528 641 3597 δάκτυλον.
692 3524 735 3597 ἄν
765 3527 830 3616 γὰρ
859 3527 877 3598 6
906 3529 1069 3612 δάκτυλος

56 3640 158 3724 μετρῆ
181 3636 236 3703 καί
259 3635 320 3703 τὸν
344 3638 453 3722 πῆχυν
481 3635 536 3702 καὶ
559 3634 597 3703 τὸ
622 3636 778 3722 μέγεθος,
807 3633 889 3723 ὅπερ
917 3635 936 3706 6
962 3642 1069 3725 πῆχυς

55 3739 98 3811 ού
130 3756 255 3831 μετρεῖ,
290 3747 422 3810 ἔσονται
455 3739 611 3829 ἀλληλοις
644 3742 813 3830 σύμμετρα
846 3741 866 3812 ὅ
895 3770 929 3812 τε
961 3748 1069 3832 πῆχυς
1086 3766 1121 3838 39

54 3844 188 3916 κάκεῖνο
217 3846 273 3915 διὰ
302 3846 339 3915 τὸ
362 3851 465 3942 κοινῷ
489 3849 598 3942 μέτρῳ
624 3858 824 3940 μετρεῖσθαι
843 3854 893 3944 τῷ
916 3849 1093 3934 δακτῶλω.
