2414 4236
230 495 386 550 scnom
405 498 445 549 m
462 497 739 550 εοεαευτοιιυυ
756 498 896 550 maun
909 498 931 551 1.
1019 494 1083 559 167

64 638 165 724 βάσις
186 633 209 725 ἡ
233 642 302 706 ΒΓ
323 636 420 723 βάσει
442 641 482 725 τῇ
505 644 574 705 ΕΔ
602 633 623 724 ἣ
651 636 812 707 ἐλάσσων.
859 635 921 706 οὐκ
944 642 1012 706 ἔστι
1037 638 1083 707 δέ.

64 745 132 812 οὐκ
152 741 219 833 ἄρα
237 750 294 829 ἴση
313 745 404 812 ἰστίν
421 739 442 830 ἢ
462 743 615 812 ἐλάσσων
632 740 654 830 ἡ
669 750 773 812 ΒΑΓ
791 750 899 830 γωνία
917 747 957 833 τῇ
973 750 1083 811 ΕΔΖ.

63 854 187 937 μείζων
209 848 284 936 ἄρα·

412 1047 470 1113 Ad
492 1068 597 1133 prop.
620 1047 740 1113 XXVI.

135 1170 188 1236 96.
221 1170 338 1235 Θαλοῦ
354 1166 489 1255 εὕρεμα.
1118 1190 1136 1239 ο

138 1271 184 1342 Τό
206 1275 261 1351 κε’
283 1271 445 1361 θεώρημα
467 1275 561 1353 τέλος
584 1273 653 1341 ἰστί
670 1277 732 1341 τοῦ
750 1271 885 1360 πρώτου
903 1273 1082 1360 τμήματος,

59 1380 85 1449 ὅ
111 1381 181 1449 ἐστι
203 1379 279 1467 περὶ
302 1373 464 1466 γενέσεως
480 1381 536 1449 καί
556 1379 707 1466 ἰσότητος
725 1379 781 1446 καί
799 1376 996 1465 ἀνισότητος
1013 1381 1083 1448 τών

59 1486 251 1571 τρυγόνων.
295 1485 460 1572 λαμβάνει
488 1485 526 1554 δὲ
553 1483 571 1554 ὁ
600 1483 812 1572 στοιχειωτὴς
840 1487 877 1553 έν
904 1483 1011 1576 τούτῳ
1035 1488 1081 1577 τῷ

63 1588 264 1676 θεωρήματι
284 1591 349 1661 δύο
373 1597 519 1679 τρίγωνα
542 1600 617 1672 ἰσας
640 1596 760 1677 ἔχοντα
782 1589 840 1670 τὰς
862 1595 986 1675 γωνίας
1009 1604 1081 1670 ταῖς

62 1700 211 1782 γωνίαις
226 1696 282 1764 καί
298 1694 357 1778 τάς
374 1696 608 1782 πλευρὰςταῖς
620 1705 779 1784 πλευραῖς
792 1696 848 1764 καί
862 1693 1081 1765 ἀποδείκνυσι
1101 1721 1135 1770 10

59 1800 177 1871 πάντα
200 1811 256 1871 ἴσα
278 1800 335 1871 διὰ
363 1807 423 1890 τῆς
449 1808 497 1884 εἰς
523 1801 696 1871 ἀδύνατον
723 1801 916 1889 ἀπαγωγῆς,
948 1793 998 1871 ών
1025 1804 1081 1871 καί

60 1906 145 1989 τοὺς
181 1907 427 1996 συλλογισμοὺς
463 1911 501 1977 ἐν
536 1907 657 1998 πρώτῳ
693 1907 835 1996 σχήματι
871 1910 926 1976 καὶ
960 1914 1000 1998 τῇ
1033 1914 1081 1990 εἰς

62 2012 239 2085 όιδόνττον
253 2011 415 2104 ἀπαγωγῇ
429 2011 525 2102 ἡμεῖς
539 2016 730 2101 έξεθέμεθα.
753 2017 866 2102 μέχρις
880 2008 944 2084 οὖν
957 2015 1081 2085 τούτου

63 2117 87 2189 δ
113 2118 321 2208 στοιχειωτὴς
343 2121 403 2201 τάς
420 2146 456 2189 τε
478 2120 654 2200 συστάσεις
671 2131 737 2189 τών
755 2121 930 2206 τριγώνων
948 2122 1003 2189 καὶ
1022 2121 1080 2202 τὰς

60 2232 256 2315 συγκρίσεις
279 2229 412 2308 ἐξέδετο
435 2225 578 2296 κατὰτὸ
604 2235 680 2294 ἴσον
703 2227 758 2292 καὶ
782 2227 920 2309 ἄνισον,
942 2229 998 2294 καὶ
1022 2228 1078 2295 διὰ
1100 2252 1134 2300 ιο

59 2333 129 2419 μὲν
154 2337 213 2420 τῆς
241 2333 432 2413 συστάσεως
460 2331 525 2420 τὴν
557 2330 678 2402 οὐσίαν
711 2328 823 2399 αὐτῶν
852 2335 1080 2418 παραδέδωκε,

61 2438 125 2507 διὰ
147 2439 185 2507 δὲ
206 2443 267 2527 τῆς
293 2438 447 2527 ἰσότητος
472 2438 536 2526 τὴν
563 2439 751 2527 ἑτερότητα·
794 2437 856 2506 δύο
884 2436 949 2524 γὰρ
977 2440 1080 2506 ταῦτα

58 2544 142 2632 περὶ
168 2543 231 2632 τὴν
255 2545 401 2634 ὕπαρξιν
428 2544 466 2614 τὸ
494 2543 620 2615 ταύτὸν
652 2544 707 2612 καὶ
739 2542 776 2613 τὸ
810 2545 926 2631 ἕτερον
956 2543 1013 2611 καί
1043 2546 1080 2612 έν

57 2663 186 2731 ποσοῖς
209 2653 266 2720 καί
298 2655 336 2721 ἰν
368 2665 478 2732 ποιοῖς
508 2651 591 2719 κατὰ
623 2651 687 2739 την
718 2650 869 2739 ἰδιότητα
900 2653 968 2719 τών
998 2648 1079 2719 ὑπο-

57 2758 239 2845 κειμένων.
274 2761 445 2827 δείκνυται
465 2750 527 2826 οὖν
547 2759 583 2826 έκ
596 2757 726 2826 τούτων
741 2755 786 2837 ώς
800 2756 941 2827 εἰκόνων
957 2756 1078 2843 πάντα,
1098 2781 1134 2831 20

57 2861 117 2933 ότι
140 2863 198 2931 καὶ
220 2864 360 2933 ἕκαστον
383 2865 488 2955 ἑαυτῷ
512 2861 637 2931 ταύτόν
659 2865 728 2931 ἐστι
750 2864 805 2931 καὶ
826 2865 948 2932 ἑαυτοῦ
966 2865 1079 2951 ἕτερον

58 2967 186 3039 διὰτὸ
209 2970 248 3039 έν
272 2966 363 3062 αὐτῷ
390 2974 538 3057 πλῆθος,
569 2971 625 3037 καὶ
653 2969 761 3037 πάντα
788 2966 893 3037 ταύτά
923 2967 1080 3055 ἀλλήλοις

57 3075 121 3145 καὶ
148 3076 245 3163 ἕτερα
272 3075 441 3162 ἀλλήλων·
481 3076 537 3144 καὶ
564 3074 629 3163 γὰρ
658 3073 712 3161 ἐφ’
740 3072 815 3154 ἑνὸς
843 3073 984 3142 ἑκάστου
1010 3077 1079 3141 τών

56 3179 241 3273 τριγώνων
263 3181 400 3270 εὕρηται
428 3179 465 3251 τὸ
494 3190 570 3251 ἰσον
597 3182 653 3250 καὶ
681 3179 804 3249 άνισον
830 3179 885 3247 καί
914 3179 966 3246 ἐπὶ
993 3186 1080 3247 πλει-

57 3290 157 3359 όνων
180 3287 263 3369 ἑνός.
1098 3309 1133 3359 κο

136 3499 353 3572 Qwfflm

136 3706 162 3755 1.
181 3696 228 3771 δέ]
247 3697 301 3753 λου.
321 3700 338 3750 5
356 3697 412 3752 litt.
431 3695 470 3763 V,
495 3712 565 3751 corr.
585 3711 618 3750 ex
638 3689 695 3764 ἄρα
714 3693 745 3749 F.
828 3700 852 3749 8.
871 3688 1023 3766 λαμβάνων
1041 3712 1079 3749 m.

95 3765 1086 3840 &mmmemmemfflmmwffl

54 3860 172 3901 mm.
