2414 4236
136 510 179 576 82
293 512 452 566 sellom
468 514 507 565 IN
525 511 800 566 mmmm
816 510 992 569 mun

135 652 376 742 πρωτουργούς
393 657 513 733 αίτίας·
536 652 592 721 καλ
606 650 672 741 γάρ
689 650 775 739 πρὸς
791 651 914 721 ἑαυτὸν
932 651 1156 740 ἀπέστραπται

136 761 260 847 μένων,
285 757 330 841 ἀς
352 779 459 848 φησιν
477 760 635 845 Πλάτων,
658 761 695 827 ἐν
718 761 764 850 τῷ
783 758 907 828 ἑαυτοῦ
924 754 1007 827 κατά
1024 763 1154 846 τρόπον
1176 834 1179 839 ,

136 865 225 952 ἤθει,
248 867 304 934 καὶ
323 866 376 934 ἐπὶ
394 865 505 936 πάντα
523 864 678 952 πρόεισιν
699 877 772 945 ταῖς
794 867 1049 953 δημιουργικαίς
1070 889 1153 952 προ-

133 976 252 1051 υοίαις.

97 1100 115 1151 ι
201 1078 256 1146 καὶ
283 1082 430 1146 τοσαῦτα
459 1078 521 1164 μὲν
548 1076 592 1146 ἀυ
618 1104 669 1157 τις
695 1078 787 1164 λέγοι
809 1077 963 1166 καὶπερὶ
985 1080 1045 1165 τῆς
1066 1080 1154 1163 πρὸς

135 1182 175 1252 τά
200 1186 374 1253 ὄντατῶν
397 1188 499 1252 είδῶν
522 1181 733 1272 ὁμοιότητος·
768 1180 830 1252 τδν
854 1182 892 1252 δὲ
914 1180 996 1271 ὅρον
1018 1186 1078 1270 τῆς
1100 1180 1154 1251 εὐ·

135 1296 232 1369 θείας
258 1294 381 1357 τοῦτον
410 1286 625 1358 ἀποδέδωκεν
651 1287 714 1362 τὸν
735 1288 861 1378 τρόπον
887 1289 945 1357 καί
971 1293 1073 1376 δηλοῖ
1093 1289 1151 1359 διὰ

135 1393 267 1464 τούτων
289 1392 328 1462 τὸ
352 1393 461 1480 μάνην
482 1392 544 1480 τὴν
564 1392 704 1463 εὐθεῖαν
722 1402 800 1463 ίσου
817 1395 966 1483 κατέχειν
985 1395 1152 1483 διάστημα

136 1504 181 1592 τῷ
207 1498 330 1587 μεταξὺ
352 1503 421 1568 τάν
445 1497 495 1568 ἐπ’
521 1498 626 1587 αὐτῆς
648 1505 808 1587 σημείων·
844 1498 929 1570 ὅσον
949 1499 1015 1588 γάρ
1037 1497 1152 1590 ἀπέχει

83 1628 117 1678 10
134 1608 283 1692 θάτερον
309 1602 389 1674 ἀπὸ.
404 1607 551 1693 θατέρου
578 1618 734 1693 σημείου,
765 1610 930 1676 τοσοῦτον
958 1611 1024 1694 ἔχει
1050 1605 1152 1695 καὶὴ

136 1711 259 1801 μεταξὺ
281 1709 412 1779 τούτων
435 1708 553 1780 εὐθεῖα
575 1710 613 1780 τὸ
632 1710 809 1798 διάστημα,
833 1709 913 1799 ὅπερ
932 1709 1005 1780 οὐτ’
1022 1713 1075 1781 ἐπὶ
1093 1717 1154 1801 τῆς

135 1821 338 1907 περιφεροῦς
356 1814 428 1886 οὐτ’
452 1818 504 1885 ἐπὶ
523 1815 627 1903 ἀλλης
648 1821 802 1905 γραμμῆς
820 1823 984 1904 σημαίνει.
1021 1818 1076 1888 διδ
1095 1822 1152 1888 καλ

134 1929 218 1993 κατὰ
242 1921 362 2009 κοινὴν
386 1928 524 1991 εὐνοιαν
546 1924 626 2002 τοὺς
648 1922 710 2010 μὲν
728 1920 778 1991 ἐπ’
799 1920 938 2004 εὐθείας
955 1928 1154 2011 βαδίζοντας

135 2030 198 2118 τὴν
221 2029 410 2116 ἀναγκαίαν
434 2028 543 2116 μόνην
565 2038 738 2097 ποιεῖσθαι
761 2034 900 2115 πορείαν
923 2035 1043 2116 φασίν,
1070 2033 1153 2112 τοὺς

82 2159 115 2209 ισ
136 2136 173 2204 δὲ
192 2135 237 2223 μὴ
257 2133 308 2203 ἐπ’
326 2133 462 2214 εὐθείας
480 2131 600 2203 οὐκέτι.
629 2132 648 2202 ὁ
673 2136 712 2202 δέ
732 2160 770 2222 γε
789 2132 934 2204 Πλάτων
958 2133 1151 2223 ἀφορίζεται

134 2240 196 2330 τὴν
220 2241 360 2311 εὐθεῖαν
390 2239 562 2329 γραμμήν,
595 2232 636 2328 ἧς
663 2241 703 2309 τά
732 2242 816 2328 μέσα
843 2255 914 2321 τοῖς
940 2239 1057 2328 ἄκροις
1085 2244 1152 2312 ἐπι-

135 2358 289 2433 προσθεί.
335 2347 391 2416 καὶ
414 2345 479 2434 γάρ
501 2351 602 2416 τοῦτο
625 2345 666 2414 τά
690 2346 752 2434 μὲν
780 2344 830 2415 ἐπ’
856 2345 991 2428 εὐθείας
1012 2355 1150 2436 κείμενα

134 2454 274 2540 πάσχειν
298 2452 496 2539 ἀναγκαίου,
519 2451 559 2519 τά
580 2451 612 2519 δ’
629 2453 682 2520 ἐπὶ
701 2453 815 2537 ἑτέρας
837 2455 979 2521 οίασοῦν
997 2461 1152 2542 γραμμῆς

136 2556 247 2627 οὐκέτι
270 2556 472 2643 ἀναγκαίου,
501 2555 586 2625 ὅθεν
609 2556 665 2625 καὶ
688 2557 746 2624 τὸυ
769 2554 867 2643 ἥλιον
891 2560 1053 2627 ἐκλείπειν
1076 2561 1151 2630 τότε

81 2686 116 2737 το
136 2669 256 2749 φασίν,
285 2660 339 2731 ὅτε
368 2663 421 2730 ἐπὶ
444 2672 521 2749 μιᾶς
548 2659 684 2740 εὐθείας
710 2663 845 2748 γένηται
869 2661 970 2744 αὐτός
991 2691 1026 2733 τε
1048 2666 1150 2755 καὶὴ

136 2768 258 2854 σελήνη
286 2769 341 2834 καὶ
369 2764 406 2835 τύ
434 2764 594 2854 ἡμέτερον
623 2765 721 2853 ὄμμα.
768 2776 848 2847 ἴσως
876 2769 907 2836 δ’
934 2765 978 2836 ἀν
1005 2774 1150 2854 ἔνδειξιν

135 2875 234 2960 φέροι
261 2872 300 2941 τὸ
329 2871 440 2953 πάθος
467 2876 565 2941 τοῦτο
593 2878 652 2959 τῆς
679 2871 814 2953 εὐθείας
840 2878 901 2942 τοῦ
928 2875 983 2941 καὶ
1012 2878 1049 2943 ίν
1081 2894 1152 2961 τοῖς

136 2972 214 3049 οὐσι
237 2977 318 3047 κατὰ
343 2976 401 3059 τάς
424 2979 595 3065 προόδονς
616 2976 676 3058 τάς
699 2977 764 3048 άπὸ
784 2984 852 3048 τῶν
871 2984 989 3048 αίτιῶν
1006 2982 1047 3049 τά
1065 2986 1151 3070 μέσα

136 3085 321 3172 διαιρετικά
345 3091 502 3172 γίνεσθαι
521 3089 579 3170 τῆς
597 3089 665 3152 τῶν
685 3084 798 3171 ἀκρων
816 3084 1038 3167 ὑποστάσεως.
1076 3087 1094 3158 ὁ
1116 3090 1147 3158 δ’

81 3216 115 3265 25
136 3185 180 3260 αὐ
212 3190 410 3279 Ἀρχιμήδης
435 3189 498 3276 τὴν
525 3187 664 3258 εὐθεῖαν
691 3191 847 3279 γραμμὴν
875 3195 1050 3280 ἐλαχίστην
1081 3201 1151 3264 τάν

134 3299 174 3367 τά
195 3296 281 3366 αὐτα
301 3298 426 3382 πέρατα
445 3298 610 3383 ἐχουσῶν·
628 3297 767 3385 καὶμὴν
784 3299 840 3365 καί
860 3301 895 3365 οί
912 3297 1009 3366 ἀλλοι
1026 3299 1151 3383 πάντες

135 3403 269 3491 ὁριομοὶ
289 3407 337 3482 είς
354 3400 412 3482 τὰς
431 3399 535 3483 αὐτάς
553 3405 686 3484 ἐννοίας
707 3406 934 3491 ἐμπίπτουσιν.
971 3408 1150 3492 διαιρεῖται

135 3509 173 3577 δὲ
196 3507 217 3594 ἡ
241 3507 374 3595 γραμμὴ
400 3508 571 3596 διαφόρως
594 3508 655 3596 μὲν
678 3507 760 3577 κατά
783 3515 928 3596 Γεμίνον
951 3510 1006 3576 καὶ
1025 3509 1151 3593 ἀλλους

134 3616 228 3694 τινὰς
250 3617 318 3682 τῶν
345 3615 401 3682 καί
428 3618 486 3695 τὰς
513 3619 628 3701 μικτὰς
656 3613 899 3701 λαμβανόντων
924 3619 1079 3702 γραμμάς
1102 3623 1151 3698 είς

207 3779 247 3827 11.
272 3767 348 3844 οὐτ’]
372 3769 448 3829 οὐδ’.
532 3780 573 3828 14.
598 3776 748 3843 κυεῖσθαι,
767 3789 836 3827 corr.
856 3790 892 3827 m.
913 3778 938 3826 2.
1020 3780 1061 3830 16.
1087 3771 1148 3831 ἐπι-

128 3845 280 3912 προσθείη,
