2414 4236
233 508 390 562 scnom
407 511 447 562 m
464 511 740 564 εοεαεατοεοα
758 512 897 564 mmm
911 513 932 566 1.
1021 511 1084 577 139

67 648 295 737 ἀπερίληπτον
316 647 448 736 νοήσει,
474 653 576 718 τοῦτο
599 651 739 739 ἀπειρον
762 651 936 738 λεγούσης·
973 648 1083 740 οἵσπερ

69 754 136 843 γάρ
157 756 197 825 τὸ
220 755 341 833 σκότος
362 759 408 847 τῷ
435 753 480 842 μὴ
510 751 596 844 ὁρᾶν
624 755 645 844 ἡ
674 755 752 838 ὄψις
778 757 949 842 γινώσκει,
978 757 1084 838 οὕτως

71 861 92 948 ἡ
117 867 285 948 φαντασία
307 864 354 953 τῷ
382 860 426 948 μὴ
456 874 550 930 νοεῖν
578 860 617 930 τὸ
645 860 785 948 ἀπειρον
816 860 925 948 ὁρίζει.
971 859 990 930 ὃ
1017 862 1083 950 γάρ

68 966 115 1047 ὡς
136 964 344 1054 ἀδιεξίτητον
367 965 491 1055 ἀφῆκε,
518 971 618 1036 τοῦτο
641 969 782 1055 ἀπειρου
806 970 904 1055 λέγει·
943 967 996 1037 διὸ
1021 968 1084 1056 τὴν

66 1079 232 1144 δοθεῖσαν
259 1073 400 1159 ἀπειρον
427 1073 582 1161 γραμμὴν
611 1075 648 1142 ἐν
674 1079 714 1162 τῇ
743 1082 911 1164 φαντασίᾳ
933 1077 1083 1161 θέμενοι,
1120 1103 1136 1153 5

63 1179 176 1270 ὥσπερ
198 1182 256 1250 καὶ
278 1179 320 1248 τά
345 1178 431 1248 ἀλλα
454 1183 526 1265 είδη
550 1183 609 1266 τῆς
631 1187 843 1269 γεωμετρίας,
866 1178 906 1249 τά
925 1187 1082 1269 τρίγωνα,

63 1287 143 1368 τοὺς
164 1287 321 1373 κύκλους,
342 1284 402 1366 τάς
424 1291 559 1373 γωνίας,
582 1284 641 1366 τὰς
659 1286 822 1374 γραμμάς,
847 1283 889 1354 οὐ
908 1288 1082 1374 θαυμασό-

65 1404 166 1479 μεθα,
188 1397 259 1474 πῶς
280 1390 353 1461 κατ’
379 1393 551 1480 ἐνέργειαν
575 1397 666 1459 ἔστιν
689 1390 826 1480 ἀπειρος
848 1394 991 1480 γραμμή.

133 1503 188 1568 56.
220 1505 350 1587 Θεωρία
374 1498 412 1567 δὲ
434 1502 495 1566 τοῦ
521 1497 754 1585 προβλήματος
780 1500 916 1567 τούτου·
955 1499 1081 1569 ἔστωδ

64 1605 131 1692 μὲν
152 1603 273 1685 κύκλος
294 1602 315 1691 ἡ
337 1614 417 1673 θεῖα
436 1599 536 1672 οὐσία
556 1602 612 1671 διά
630 1607 689 1689 τῆς
707 1606 854 1672 καθέτου
873 1603 938 1674 ἀπὸ
957 1610 1082 1675 τοῦ
1102 1634 1135 1686 10

63 1710 177 1798 ἤγουν
193 1715 252 1797 τῆς
269 1715 392 1790 οίκείας
409 1707 513 1797 ἀρχῆς
530 1709 586 1777 καὶ
601 1712 774 1797 δυνάμεως
788 1709 915 1799 ἀρρεπῆ
931 1712 1081 1798 πρόοδον

61 1818 256 1906 παρέχουσα
280 1827 322 1906 τῇ
354 1814 495 1905 ἡμετέρᾳ
528 1819 607 1904 ζωῇ·
650 1815 759 1905 ὥσπερ
791 1816 857 1905 γάρ
889 1815 910 1903 ἡ
943 1819 1082 1905 ἀπειρος

62 1923 210 2012 γραμμή,
233 1921 341 2003 οὕτως
362 1922 417 1991 καὶ
440 1919 462 2008 ἡ
485 1923 564 1989 καθ’
584 1921 673 2008 ἡμᾶς
692 1925 756 2009 ζωὴ
775 1923 854 1991 καθ’
877 1926 1000 2011 ἑαυτὴν
1019 1923 1080 2012 μὲν

64 2021 152 2098 οάσα
173 2028 230 2098 ἅτε
253 2035 385 2115 κίνησις
407 2025 604 2115 ὑπάρχουσα
628 2027 784 2116 ἀόριστός
807 2032 913 2117 ἐστιν,
936 2028 1080 2119 ὁρίζεται

63 2134 102 2203 δὲ
120 2131 186 2204 ἀπὸ
204 2141 263 2223 τῆς
281 2133 390 2203 ἀύλου
408 2135 463 2201 καὶ
482 2140 579 2214 θείας
598 2132 717 2214 οάσίας
732 2140 894 2216 κυκλικῶς
912 2135 952 2203 τά
971 2138 1080 2206 πάυτα
1100 2165 1134 2215 1⁶

61 2241 283 2330 περιεχούσης
307 2241 439 2309 ἐκεῖθέν
461 2265 497 2308 τε
519 2244 706 2327 πληροῦται
729 2244 794 2308 νοῦ
817 2244 872 2308 καὶ
896 2242 1080 2329 δυνάμεως.

424 2438 482 2502 Ad
504 2459 610 2522 prop.
633 2436 723 2502 XIII.

130 2562 182 2627 57.
217 2556 264 2626 Τὸ
289 2555 336 2644 ιγ’
359 2555 522 2644 θεοίρημά
545 2559 650 2624 ἐστιν’
681 2555 722 2625 οὐ
746 2556 811 2645 γάρ
835 2560 1079 2646 κατασκευάζει,

58 2669 136 2744 πῶς
168 2667 222 2732 δεῖ
250 2676 361 2732 ποιεῖν
388 2661 497 2749 ἀρθάς
525 2670 650 2749 γωνίας
677 2658 698 2749 ἢ
726 2661 884 2752 ἀμβλείας
911 2662 931 2751 ἢ
962 2665 1080 2752 ὀξείας,

57 2770 146 2859 ὅπερ
165 2775 255 2839 ίδιον
274 2768 519 2858 προβλήματος,
543 2766 627 2837 ἀλλὰ
649 2769 764 2856 λαβὼν
784 2772 945 2864 ἐντούτῳ
965 2771 983 2841 ὁ
1002 2801 1080 2860 γεω·
1099 2803 1133 2851 20

53 2880 184 2967 μέτρης
221 2876 285 2944 δύο
317 2883 443 2962 γωνίας
474 2873 587 2955 ὀξεῖαν
622 2876 678 2943 καὶ
710 2875 873 2964 ἀμβλεῖαν
907 2882 1080 2948 δείκνυσιν

56 2980 168 3062 αὐτὰς
196 2981 259 3050 δύο
288 2980 410 3069 ὀρθαῖς
438 2990 524 3061 ἴσας·
562 2982 723 3068 ἑπόμενος
747 2983 811 3072 γάρ
840 2998 910 3063 τοῖς
933 2984 989 3052 διά
1011 2989 1080 3051 των

53 3090 309 3179 προβλημάτων
332 3090 559 3175 δεδειγμένοις
578 3092 801 3176 μεταβέβηκεν
821 3089 873 3158 ἐπὶ
892 3092 932 3157 τά
950 3089 1080 3176 θεωρή-

57 3220 161 3285 ματα.
205 3195 276 3264 ἐπεὶ
299 3191 363 3282 γάρ
381 3187 479 3281 ἦκται
502 3195 646 3274 κάδετος
669 3196 722 3263 ἐπὶ
746 3193 886 3263 εὐθεῖαν
913 3195 969 3261 καὶ
997 3194 1081 3280 πρὸς

56 3301 181 3389 ὀρδάς,
205 3300 371 3388 ἑπόμενον
391 3292 435 3388 ἦν
456 3307 603 3388 ζητῆσαι,
626 3305 658 3369 εί
675 3300 720 3388 μὴ
739 3301 881 3381 κάθετος
901 3309 963 3386 είη,
985 3306 1080 3380 τίνας
1098 3329 1132 3377 25

55 3407 195 3496 ποιήσει
227 3413 353 3495 γωνίας
383 3407 439 3475 καί
472 3411 542 3488 πῶς
574 3407 715 3495 ἐχούσας
742 3407 826 3495 πρὸς
852 3412 893 3495 τῇ
917 3404 1078 3495 εὐθείᾳὴ

131 3574 174 3624 τε.
194 3566 268 3622 v·m
278 3566 363 3636 (εἰ).
434 3573 476 3622 τι.
496 3566 651 3638 τινας).

129 3717 155 3769 8.
176 3706 306 3782 γραμμή]
321 3709 352 3777 Ρ,
385 3708 557 3779 ραμμήςἮ.
610 3715 652 3764 10.
667 3707 729 3780 διά]
745 3727 781 3778 m,
796 3705 843 3763 διὰ
860 3706 892 3763 δέ
908 3707 956 3763 vf.
1013 3707 1081 3764 Post

54 3790 109 3842 τοῦ
127 3783 264 3841 lacunam
278 3729 432 3836 Min
446 3779 500 3835 fine
515 3779 615 3835 lineae.
674 3787 714 3834 11.
733 3776 835 3853 ἤγουν]
851 3795 905 3835 om.
921 3798 957 3836 m.
1012 3781 1087 3856 τοίη

53 3856 129 3928 ἤια.
205 3848 303 3922 ἀρεπῆ
323 3869 360 3906 m.
435 3846 569 3906 13,οάτω
586 3869 624 3910 m.
701 3851 921 3931 16.τε]δίῐο.
