2424 4320
141 436 207 500 724
395 433 578 486 APPENDIX
596 428 834 484 scnomomm
852 429 903 482 ΠΙ.

140 574 368 664 παραλλήλοις
386 577 463 642 είσί·
491 571 703 660 παράλληλος
720 568 787 658 ἄρα
809 573 850 659 τή
874 573 917 656 αβ
940 566 1032 656 ήγδ.
1075 569 1161 655 λέγω

142 683 204 771 δή,
237 679 288 750 ὅτι
318 680 376 748 καὶ
406 682 466 766 τής
489 682 534 766 γδ
566 683 678 765 μεῖξον
711 675 856 745 δύναται
887 672 908 763 ή
942 680 986 761 αβ
1017 686 1062 765 τῷ
1096 672 1163 743 ἀπὸ

144 797 229 858 ίοων
263 784 347 875 αὐτῇ
383 787 487 872 τριῶν
519 787 685 871 πλευρῶν.
744 783 816 851 ἐπεὶ
852 779 916 869 γὰρ
953 781 1164 868 παραλληλό-

142 891 299 982 γραμμόν
317 893 409 960 ἐστιν
428 889 587 979 ἑκάτερον
605 893 674 958 τῶν
689 893 772 976 αγδε
789 889 846 956 ιιαί
860 892 942 975 βδγε
960 887 1016 955 καὶ
1036 888 1074 955 ἐν
1092 900 1166 968 ταῖς

107 998 261 1080 οαύταίς
293 996 520 1084 παραλλήλοις
549 1008 624 1076 ταίς
649 999 709 1083 γδ,
727 1000 771 1081 αβ
800 994 857 1062 καί
889 992 943 1062 ἰπὶ
974 996 1034 1080 τής
1061 989 1167 1079 αὖτής

145 1107 274 1193 βάσεως
304 1106 363 1190 τής
393 1106 452 1191 γδ,
490 1111 546 1172 ίσα
578 1099 737 1188 ἀλλήλοις

145 1215 242 1281 είοίν.
282 1218 337 1296 ίση
357 1206 423 1294 ἄρα
441 1208 534 1277 ἐστὶν
549 1205 571 1295 ή
586 1234 630 1294 αγ
642 1219 683 1297 πή
698 1212 737 1276 εδ

145 1319 202 1385 καὶ
224 1313 246 1402 ή
270 1319 315 1401 βδ
337 1318 376 1402 τῇ
399 1336 449 1400 εγ·
476 1324 546 1383 τῶν
568 1313 634 1401 γὰρ
657 1337 737 1402 παρ·

147 1418 435 1507 αλλήλογροίμμων
457 1423 592 1506 χωρίων
620 1423 658 1488 αί
677 1417 736 1487 ἀπ-

93 1546 128 1596 10
148 1530 306 1596 εναντίον
328 1530 472 1613 πλευραί
490 1525 598 1594 τεκαὶ
616 1530 738 1613 γωνίαι

148 1640 218 1700 ίσαι
232 1629 390 1718 ἀλλήλαις
404 1636 501 1700 εἰσίν.
524 1641 580 1721 ίοή
594 1630 661 1720 ἄρα
674 1632 730 1701 καλ
744 1630 765 1719 ή
780 1635 824 1719 γδ
838 1633 975 1723 ἑκατέρᾳ
988 1643 1057 1702 τῶν
1067 1660 1116 1720 αε,
1128 1639 1166 1720 εβ

145 1764 207 1806 τον
235 1735 356 1824 ὅμοιον
383 1737 521 1824 τρόπον.
576 1736 638 1825 ὅλη
666 1736 732 1826 ἄρα
759 1734 779 1824 ή
809 1743 853 1824 αδ
880 1742 1069 1808 διπλασίων
1097 1739 1166 1809 ἐστὶ

147 1846 206 1930 τῆς
227 1847 283 1930 γδ·
320 1841 361 1910 τδι
385 1843 422 1912 δὲ
445 1843 543 1931 μήκει
568 1842 728 1912 διπλάσια
755 1843 901 1932 δυνάμει
927 1846 1164 1932 τετραπλάσια·

146 1947 388 2035 τετραπλάσιον
411 1946 478 2035 ἄρα
499 1946 539 2017 τὸ
562 1947 627 2018 ἀπὸ
650 1960 710 2037 τῆς
727 1955 772 2036 αβ
793 1961 854 2019 τοῦ
874 1948 939 2019 ἀπὸ
957 1954 1017 2038 τής
1035 1956 1087 2039 γδ.
1123 1952 1164 2020 τὰ

96 2073 129 2123 15
147 2054 214 2143 ἄρα
246 2052 312 2123 ἀπὸ
344 2058 412 2122 τῶν
439 2060 545 2143 τριῶν
571 2059 727 2144 πλευρῶν
753 2056 945 2145 τετράγωνα
972 2061 1032 2144 τής
1058 2083 1093 2126 τε
1122 2086 1165 2145 αγ

147 2161 202 2229 καὶ
229 2165 273 2246 γδ
305 2161 361 2228 καὶ
389 2165 433 2247 δβ
464 2161 626 2231 ἐλάττονά
661 2166 726 2230 είσι
757 2167 819 2232 τοῦ
849 2161 915 2232 ἀπὸ
947 2168 1008 2250 τής
1036 2170 1081 2249 ιιβ
1113 2165 1163 2232 ἑνί

146 2267 277 2336 τούτων
301 2267 506 2360 τετραγώνῳ.
552 2273 664 2355 μεῖζον
692 2267 758 2357 ἄρα
784 2267 822 2338 τὸ
851 2267 918 2338 ἀπὸ
942 2274 1001 2357 τῆς
1023 2275 1067 2354 αβ
1092 2273 1162 2337 τῶν

147 2372 213 2441 ἀπὸ
240 2378 309 2441 τῶν
336 2378 440 2462 τριῶν
467 2377 622 2462 πλευρῶν
650 2376 840 2462 γινομένων
867 2374 1085 2464 τετραγώνων
1114 2379 1161 2468 τῷ

146 2478 213 2548 ἀπὸ
245 2485 324 2567 μιᾶς
354 2485 497 2568 πλευρᾶς
529 2484 597 2548 τῶν
629 2485 734 2568 τριῶν
760 2483 928 2573 γινομένω
956 2479 1165 2572 τετραγῶνςο.

94 2605 128 2655 20
147 2587 199 2653 ἐπὶ
218 2590 277 2673 τής
296 2591 456 2672 δοθείσης
474 2584 540 2671 ἄρα
555 2583 691 2668 εὐθείας
703 2587 949 2676 τετράπλευρον
963 2590 1164 2658 συνέσταται

146 2693 201 2758 καί
224 2690 265 2759 τὰ
289 2693 377 2780 ἑξής·
405 2690 487 2780 ὅπερ
511 2696 580 2760 ἔδει
605 2695 719 2774 δεῖξαι.
