2414 4236
139 522 202 586 186
288 523 446 576 scflom
462 524 503 575 m
518 518 796 577 mmmm
811 522 989 575 mun

135 671 221 731 λσων
238 689 274 732 τε
291 664 347 731 καὶ
365 661 599 751 παραλλήλων.
630 661 685 732 διὸ
702 662 760 731 τιαλ
776 660 815 731 τὸ
833 661 915 749 μετὰ
929 665 1030 731 τοῦτο
1042 658 1154 743 εύθύς

137 765 183 849 ὡς
201 764 245 836 ἃν
262 766 469 850 ὑποστάντος
487 768 554 857 ήδη
567 794 630 838 του
614 764 1041 857 παραλληλογράμμου
1006 792 1049 836 τα
1065 768 1148 835 καθ’

137 873 221 943 αύτὰ
243 872 438 963 ὑπάρχοντα
459 891 530 957 τοῖς
551 874 719 955 τοιούτοις
740 882 873 1001 θεωρεῖ.
913 870 977 942 ούιι
997 870 1150 961 ήριιέσθιγ

137 978 213 1048 θλ
197 1007 216 1049 ο
241 981 451 1071 στοιχειωτής
473 981 578 1051 ελπων
601 983 639 1051 ἐν
658 985 698 1069 τῇ
716 976 877 1069 προτάσει
894 986 971 1060 λσας
987 962 1128 1048 εἶναι
1092 1006 1153 1061 τας

100 1120 118 1169 ⁶
137 1088 423 1174 ἐπιζευγνυμένας,
437 1084 522 1156 ἀλλὰ
535 1088 592 1155 καὶ
606 1084 851 1174 παραλλήλους,
866 1081 1007 1153 διότι’
967 1111 1010 1154 ου
1017 1083 1152 1167 πόντος

137 1195 175 1259 αλ
205 1194 477 1280 ἐπιζευγνύουσαι
507 1191 568 1274 τὰς
599 1201 674 1273 ἴσας
706 1200 777 1261 ἴσαι
811 1196 910 1279 εἰσίν,

136 1295 247 1385 ὥσπερ
274 1299 329 1367 ἐπὶ
354 1302 416 1367 τοῦ
442 1298 612 1386 τριγώνου
641 1296 705 1368 ούιι
732 1302 824 1367 ἐστιν
852 1306 908 1385 λση
949 1256 1147 1609 Δ

136 1408 175 1493 τῇ
188 1401 321 1491 βόσειή
340 1404 534 1487 ἐπιζεύξασα
548 1406 663 1491 μέσον.
699 1406 754 1473 δελ
769 1396 835 1473 ούν
852 1404 909 1473 ιιαλ

135 1510 371 1599 παραλλήλους
384 1507 472 1578 εἶναι
489 1508 550 1591 τὰς
568 1512 762 1599 δεδομένας,
780 1513 840 1579 ἵνα
852 1512 908 1579 καλ

85 1646 118 1697 10
136 1623 174 1686 αί
208 1615 482 1704 ἐπιζευγνύουσαι
518 1614 643 1704 ὁμοίως
675 1625 746 1687 ἴσαι
781 1643 818 1685 τε
836 1618 909 1686 ’καλ

135 1722 342 1810 παράλληλοι
365 1728 509 1792 ἐσονται.
554 1727 609 1792 δεῖ
632 1724 697 1811 γὰρ
724 1721 810 1811 πρὸς
835 1722 897 1808 μὲν
922 1720 988 1809 τήν
1012 1720 1150 1808 ἰσότητα

134 1833 204 1898 τῶν
236 1829 526 1914 ἐπιζευγνυουσῶν
561 1833 621 1916 τῆς
650 1834 720 1899 τῶν
751 1830 1038 1917 έπιζετηνυμένων
1054 1850 1151 1913 παρ·

137 1933 285 2021 αλλήλου
307 1934 446 2019 θέσεως,
468 1932 553 2023 πρὸς
576 1934 614 2002 δέ
635 1933 699 2022 τήν
720 1938 790 2004 τῶν
808 1933 1032 2022 παραλλήλων
1050 1932 1151 2001 θέσιν

135 2044 194 2127 τῆς
221 2041 360 2107 ἐκείνων
387 2039 547 2127 ἰσότητος.
595 2039 650 2108 διὰ
678 2045 778 2109 τοῦτο
805 2041 862 2108 καὶ
890 2037 909 2108 ὁ
940 2041 1151 2127 στοιχειωτής

85 2174 118 2223 15
137 2144 237 2233 ἄμφω
261 2147 448 2233 παρέλαβεν
471 2148 524 2215 ἐπὶ
551 2151 620 2215 τῶν
643 2146 929 2234 ἐπιζευγνυμένων
956 2144 994 2213 τό
1018 2170 1053 2212 τε
1077 2152 1151 2224 λσας

136 2249 300 2320 εἶναικαὶ
324 2253 569 2340 παραλλήλους,
592 2257 649 2321 ἵνα
673 2256 776 2342 δείξῃ,
800 2251 852 2321 ὅτι
871 2251 972 2339 ἄμφω
991 2257 1046 2320 δεῖ
1063 2248 1150 2319 εἶναι

136 2361 191 2427 καὶ
222 2360 298 2446 περὶ
329 2358 388 2440 τὰς
423 2360 701 2446 ἐπιζευγνυούσας
738 2357 880 2437 εὐθείας.
936 2363 967 2426 εἰ
1002 2356 1067 2445 γὰρ
1105 2356 1149 2444 μὴ

136 2465 308 2553 ἀμφότερα
345 2468 382 2532 αἱ
417 2468 596 2553 δεδομέναι
632 2464 763 2533 εὐθεῖαι
800 2466 954 2550 ἕξουσιν,
996 2463 1077 2532 οὐδὲ
1114 2467 1152 2530 αἱ

137 2571 357 2657 ζευγνύουσαι
380 2569 492 2651 αύτύς.
538 2570 674 2650 εἰκότως
701 2570 739 2638 όέ
768 2567 859 2650 ἄξιοί
884 2568 902 2638 ὁ
927 2570 1149 2658 στοιχειωτής,

83 2704 118 2753 20
137 2676 194 2755 τὰς
218 2674 497 2761 ἐπιζευγννούσας
519 2676 580 2755 τὰς
603 2683 677 2755 ἐσας
699 2676 755 2743 καλ
778 2676 1015 2763 παραλλήλους
1038 2675 1090 2744 ἐπὶ
1109 2674 1149 2743 τὰ

137 2778 221 2849 αὐτὰ
245 2783 328 2868 μέρη
352 2790 524 2849 ποιεῖσθαι
547 2780 609 2866 τὴν
629 2783 802 2867 ἐπίζευξιν,
826 2786 885 2850 ἵνα
902 2786 971 2850 τῶν
991 2791 1075 2851 ἴσων
1093 2784 1149 2850 καλ

136 2887 359 2974 παραλλήλων
382 2887 670 2972 ἐπιζευγνυμένων
693 2888 749 2954 καὶ
772 2887 871 2956 αύταλ
895 2896 965 2955 ἴσαι
988 2888 1044 2955 καὶ
1067 2912 1149 2975 παρ-

136 2992 274 3079 άλληλοι
298 2984 392 3060 οἶσιν.
428 2997 459 3059 εἰ
479 2990 544 3079 γὰρ
568 2991 612 3080 μή
633 2993 686 3060 ἐπὶ
704 2991 743 3060 τὰ
764 2991 848 3062 αὐτοὶ
863 2995 958 3081 μέρη,
982 2993 1061 3062 οὔτε
1079 3003 1149 3062 ἶσαι

137 3104 288 3184 γίνονται
312 3094 390 3165 οὕτε
412 3097 629 3184 παράλληλοι.

84 3236 118 3283 2⁶
206 3208 278 3271 116.
301 3206 407 3270 Τοῦτο
421 3201 459 3270 τὸ
475 3202 637 3291 θεώρημα
650 3207 783 3290 γένεσιν
792 3205 1150 3293 παραλληλογράμμων

136 3310 328 3394 λεληθότως
340 3311 586 3395 παραδίδωσιν·
600 3314 728 3394 γίνεται
741 3308 806 3395 γὰρ
820 3311 1150 3399 παραλληλόγραμμα

148 3460 158 3467 .
184 3454 350 3465 —.-——-

211 3528 268 3576 116.
288 3517 435 3574 PBFVat.
455 3520 495 3590 (in
513 3519 535 3573 F
554 3536 650 3589 enan:
670 3518 710 3584 εἰς
728 3519 760 3576 τό
780 3518 823 3592 λγ’
844 3523 928 3592 Van).

175 3650 303 3661 -.—.-
336 3650 347 3655 ..

210 3723 233 3773 ο.
254 3712 324 3771 ἄλλα
344 3716 392 3770 παλ
410 3712 618 3801 παραλλήλους]
638 3734 722 3786 supra
740 3733 792 3773 τοι.
812 3717 846 3786 V,
865 3734 919 3772 om.
939 3734 966 3785 q.
1029 3724 1054 3772 6
1073 3718 1147 3789 ἴσας]

137 3806 222 3879 supra
241 3806 293 3844 ser.
309 3786 343 3849 V,
361 3785 556 3874 παραλλήλους
574 3804 663 3856 comp.
683 3805 710 3857 q.
785 3795 827 3843 18.
838 3759 1009 3858 ἀμφότερα]
1029 3805 1099 3845 corr.
1115 3805 1149 3843 ex

65 3856 348 3988 *pydnam
317 3858 342 3911 λ
339 3853 533 3931 ύμφότεραι
551 3876 578 3930 q.
