2414 4236
242 541 400 594 εοεοοικ
418 542 457 594 m
475 543 752 595 εοειιαοοοεοει
769 545 944 600 LIBRUML
1033 543 1095 609 181

82 684 146 750 δύο
177 680 385 769 παράλληλοι
421 679 483 750 οὐκ
514 680 654 769 ἄγονται
685 687 725 772 τῇ
758 682 852 775 αὐτῇ.
901 684 956 753 διὸ
989 685 1045 753 καὶ
1077 684 1096 755 ὁ

80 785 292 875 στοιχειωτής
320 787 441 868 ἑνικῶς
472 785 564 857 εἶπεν
597 787 736 857 εύθείαν
768 817 925 878 γραμμην
958 787 1097 878 άγαγείν

80 897 150 963 ἐκεῖ
164 893 227 982 μὲν
245 892 406 980 κάθετον,
424 896 576 963 ἐνταῦθα
590 895 628 962 δέ
645 894 872 982 παράλληλον,
896 893 971 964 ἀλλ’
988 898 1096 966 έκεῖνο

79 1000 141 1088 μὲν
166 1001 345 1087 δέδεικται,
373 1006 473 1070 τούτο
498 1001 535 1069 δὲ
558 999 711 1089 φανερὸν
735 1002 770 1068 ἐκ
793 1012 853 1068 τοῦ
877 1006 1096 1091 προαποδειχ-

78 1108 209 1188 θέντος.
255 1111 287 1176 εί
311 1107 376 1196 γὰρ
404 1107 461 1176 διὰ
483 1112 545 1177 τοῦ
568 1104 674 1176 αὐτοῦ
698 1113 839 1195 σημείου
861 1112 901 1196 τῇ
925 1107 1008 1198 αὐτῇ
1033 1109 1096 1178 δύο
1133 1135 1149 1184 ε

78 1213 289 1301 παράλληλοι
309 1212 459 1300 άχθεϊεν,
477 1214 534 1282 καὶ
551 1212 711 1300 ἀλλήλαις
729 1219 862 1282 ἔσονται
881 1214 1097 1303 παράλληλοι,

79 1325 328 1407 συμπίπτουσαι
359 1319 443 1388 κατὰ
475 1319 514 1389 τὸ
547 1320 653 1389 δοθὲν
691 1333 845 1408 σημεῖον·
892 1319 973 1408 ὅπερ
1006 1322 1097 1389 ἐστὶν

79 1423 264 1495 ἀδύνατον.
305 1428 506 1515 διαφέρουσι
529 1427 567 1494 δὲ
589 1427 645 1495 καὶ
668 1430 707 1494 αί
726 1426 903 1514 προτάσεις
926 1425 1038 1495 αὐτῶν
1057 1430 1097 1514 τῇ

80 1529 145 1600 ἀπὸ
168 1532 226 1599 καί
246 1536 287 1621 τῇ
311 1533 368 1600 διὰ
388 1534 557 1621 προθέσει.
604 1534 690 1601 ὅπου
714 1531 862 1620 μὲνγὰρ
891 1531 929 1601 τὸ
959 1545 1097 1619 σημεῖον

80 1636 167 1725 άρχή
201 1640 270 1707 ἐστι
301 1643 361 1726 τῆς
387 1636 555 1726 ἀγομένης
582 1636 718 1718 εὐθείας
746 1636 811 1706 άπὸ
840 1643 902 1707 τοῦ
936 1638 1098 1717 δοθέντος
1117 1664 1150 1713 10

80 1749 223 1832 σημείου
244 1745 437 1833 γέγραπται,
460 1745 516 1812 καί
536 1742 592 1813 διὰ
611 1750 711 1813 τοῦτο
731 1743 787 1813 ἀπ’
805 1743 911 1814 αὐτοῦ
930 1742 951 1831 ἡ
971 1742 1097 1830 ἀγωγή,

81 1849 168 1920 ὅπου
188 1850 227 1919 δὲ
245 1848 297 1919 ἐπ’
315 1850 418 1937 αύτής
436 1854 506 1920 ἐστι
524 1855 583 1936 τῆς
601 1849 767 1938 ἀγομένης
790 1849 936 1938 εὐθείας,
961 1849 1017 1918 διὰ
1036 1854 1097 1918 τοῦ

81 1958 245 2038 δοθέντος
268 1964 408 2044 σημείου
430 1960 630 2046 γέγραπται,
653 1958 709 2025 καλ
732 1956 791 2026 διά
814 1962 915 2027 τοῦτο
937 1955 959 2045 ή
984 1953 1097 2043 άγωγή

84 2059 129 2129 δι’
157 2062 274 2132 αὐτοῦ·
312 2063 355 2132 ού
381 2063 446 2152 γάρ
475 2064 521 2144 ὡς
546 2063 733 2152 τεμνούσης
760 2063 897 2144 εὐθείας
922 2062 961 2132 τὸ
992 2061 1098 2130 δοθὲν

83 2183 222 2256 σημεῖον
244 2178 373 2258 εἴρηται
394 2169 432 2237 τὸ
458 2166 502 2237 δι’
531 2169 654 2246 αὐτοῦ,
678 2169 751 2238 ἀλλ’
776 2168 825 2250 ύς
847 2167 1099 2256 συμπιπτούσης
1117 2194 1151 2244 15

81 2272 173 2368 αὐτῷ
200 2275 257 2342 καὶ
289 2273 466 2363 ὁριζούσης
491 2275 530 2345 τὸ
559 2276 678 2361 ἑαυτῆς
706 2273 888 2360 ἀπόστημα.
935 2285 1098 2342 τοσοῦτον

80 2381 136 2448 καὶ
156 2378 178 2467 ή
197 2381 411 2469 παράλληλος
430 2387 495 2470 ἔχει
511 2381 549 2450 τὸ
569 2379 691 2468 μεταξὺ
705 2380 824 2466 ἕαυτής
836 2405 872 2448 τε
887 2380 943 2446 καὶ
962 2380 1099 2464 ἐκείνης.

152 2491 224 2557 111.
252 2485 364 2556 ”anm
391 2491 429 2556 τὸ
459 2487 619 2576 θεύρημα
646 2490 746 2555 τοῦτο
772 2487 907 2573 γένεσιν
928 2496 997 2554 τῶν
1019 2509 1099 2572 παρ

81 2592 238 2680 αλλήλων
255 2592 491 2682 παραδιδόναι.
526 2593 728 2681 προσεκτέον
747 2594 785 2661 δὲ
803 2597 843 2682 τῇ
863 2595 1011 2681 διαφορᾷ
1029 2588 1098 2659 τῶν

81 2700 315 2787 προσθέσεων·
345 2698 447 2786 ἡμὲν
470 2698 535 2788 γὰρ
557 2699 704 2767 κάθετον
728 2696 792 2767 άπὸ
816 2704 879 2768 τοῦ
903 2704 1053 2787 σημείου,
1076 2696 1096 2786 ἡ
1116 2723 1152 2772 20

82 2803 121 2872 δέ
140 2807 198 2872 διὰ
216 2809 277 2873 τοῦ
295 2806 458 2884 δοθέντος
476 2804 700 2893 παράλληλον.
733 2807 790 2873 καί
809 2803 920 2893 ὥσπερ
941 2802 1002 2873 οὐκ
1022 2808 1099 2890 ἐξήν

83 2909 148 2979 δύο
165 2911 330 2992 καθέτους
348 2910 414 2979 άπὸ
432 2916 494 2980 τού
515 2910 619 2979 αὐτοῦ
639 2917 790 2999 σημείου,
810 2910 918 2990 οὕτως
937 2907 1017 2978 ούδδ
1036 2910 1099 2978 δύο

82 3017 325 3104 παραλλήλους.
381 3017 594 3107 δειχθήσεται
629 3018 666 3086 δὲ
699 3018 756 3086 διὰ
788 3022 849 3085 τοῦ
882 3015 943 3102 πρέ
982 3012 1100 3083 αὐτοῦ·

83 3127 220 3192 ἔσονται
241 3121 306 3212 γὰρ
329 3124 537 3211 παράλληλοι
557 3130 804 3211 συμπίπτουσαι
824 3121 994 3209 ἀλλήλαις·
1019 3120 1100 3208 ὅπερ

82 3253 220 3298 ατοπον.
1118 3252 1153 3301 25

158 3467 217 3516 111.
237 3459 384 3517 PBFvat
414 3457 467 3530 (είς
484 3456 516 3516 τὸ
536 3457 583 3514 λα’
599 3460 683 3529 Μ).
808 3419 813 3430 Ι

82 3598 299 3609 *-

157 3679 199 3731 18.
224 3671 318 3729 ἔοικεν
337 3674 396 3728 ΡΒ.
489 3679 530 3727 19.
554 3674 708 3740 προεκτὲον
727 3673 817 3728 FVat.
909 3677 952 3727 20.
976 3667 1100 3734 κάθετος

83 3744 150 3802 Vah
175 3745 238 3816 (σεδ
255 3744 369 3800 auditur
387 3740 465 3814 ἄγει,
484 3744 558 3798 siout
576 3741 657 3830 ἄγειγ
676 3745 725 3800 lin.
745 3749 878 3826 mnam
897 3739 914 3813 ἡ
934 3743 982 3798 lin.
1002 3748 1037 3830 22
1056 3746 1099 3799 est

82 3811 378 3960 gnugdfflffivakfz
398 3813 431 3871 δέ
451 3845 484 3856 -
504 3819 547 3870 21.
566 3815 764 3891 παραλλήλου]
780 3815 828 3874 bu
843 3813 879 3872 B.
955 3819 1007 3874 Ἃ.
1025 3812 1122 3882 οπεοΧ
