2414 4236
206 478 364 531 scnom
382 480 420 530 m
441 478 715 531 ELEMENTORUM
732 480 872 532 τευτευ
885 482 919 535 x,
1005 478 1069 545 431

60 619 231 706 σύμμετρα
258 622 302 711 τῷ
331 617 398 686 άπὸ
422 620 524 707 ῥητῆς
545 617 756 711 τετραγώνῳ,
785 614 860 689 οἷον
882 628 916 687 εί
936 621 1070 710 ἐστινὴ

59 733 124 793 AB
148 721 266 793 εὐθεῖα
289 724 384 812 ῥητή,
408 723 429 812 ή
455 725 492 793 δέ
509 731 572 793 ΓΔ
594 721 803 815 ἀσύμμετρος
826 723 909 816 αὐτή
933 731 972 816 τῇ
992 736 1070 814 ΑΒ,

57 831 96 901 τὸ
122 830 159 900 δὲ
182 829 247 900 άπὸ
270 841 329 919 τῆς
348 838 409 900 ΓΔ
431 832 641 920 τετράγωνον
666 832 854 922 σύμμετρον
873 841 922 919 εἴη
941 839 986 925 τῷ
1005 833 1069 904 άπὸ

57 949 116 1026 τῆς
139 946 219 1024 ΑΒ,
252 935 273 1025 ή
301 945 366 1005 ΑΒ
396 939 451 1006 καὶ
480 945 542 1006 ΓΔ
570 939 712 1027 δυνάμει
739 940 803 1008 είσὶ
834 942 938 1027 ῥηταί.
985 937 1069 1009 ἀλλὰ

57 1042 122 1114 κᾶν
154 1043 175 1133 ή
209 1051 284 1112 ΖΗ
318 1045 374 1113 καὶ
406 1043 444 1113 τὸ
481 1042 539 1114 ἀπ’
576 1043 679 1133 αὐτῆς
714 1045 925 1133 τετράγωνον
964 1045 1070 1129 οὕτως
1106 1080 1123 1132 ⁶

60 1155 122 1235 ἔξει
149 1151 235 1239 πρὸς
261 1154 323 1238 τήν
346 1159 412 1220 ΑΒ
440 1152 496 1220 καὶ
522 1151 560 1221 τὸ
584 1150 650 1220 άπὸ
673 1157 731 1239 τῆς
753 1159 820 1220 ΑΒ
847 1153 1070 1240 τετράγωνον,

59 1258 105 1339 ὥς
127 1259 214 1346 εἶχεν
238 1258 258 1345 ἡ
278 1264 341 1325 ΓΔ
363 1257 419 1325 καὶ
441 1258 480 1327 τὸ
504 1255 569 1326 άκὸ
593 1263 653 1345 τής
671 1265 733 1327 ΓΔ
754 1259 967 1345 τετράγωνον
985 1261 1069 1346 πρὸς

58 1367 120 1452 τήν
136 1371 200 1434 ΑΒ
218 1364 274 1433 καὶ
292 1365 330 1435 τὸ
350 1362 407 1433 ἆτ’
429 1361 531 1452 αὐτής
549 1365 773 1452 τετράγωνον,
796 1361 859 1434 κάν
878 1359 943 1435 οὖν
961 1363 982 1453 ή
1002 1374 1073 1434 ΖΗ

58 1472 174 1539 καὶτὸ
198 1470 408 1561 τετράγωνον
431 1470 533 1559 αὐτῆς
557 1469 663 1553 οὕτως
686 1472 797 1554 ἕξουσι
820 1472 903 1558 πρὸς
925 1472 987 1561 τήν
1004 1462 1069 1543 AB

57 1579 114 1646 καὶ
137 1581 175 1646 τὸ
199 1578 409 1667 τετράγωνον
433 1576 552 1666 αὐτῆς,
579 1576 600 1665 ή
624 1586 696 1646 ΖΗ
714 1580 769 1647 καὶ
791 1578 811 1667 ή
837 1587 903 1648 AB
927 1579 1070 1667 δυνάμει
1089 1613 1123 1664 10

58 1687 123 1753 είσί
148 1687 253 1773 ῥηταί.
297 1683 361 1754 κάν
385 1684 470 1773 άλλη
493 1712 543 1766 τις
566 1684 690 1775 εὑρεθή
714 1685 819 1766 οὕτως
842 1691 964 1773 ἔχουσα
986 1688 1071 1774 πρὸς

56 1791 120 1879 τήν
143 1799 208 1859 AB
232 1788 277 1871 ὡς
304 1795 341 1858 αἱ
362 1784 551 1880 εἰρημέναι,
580 1791 722 1880 δυνάμει
745 1798 880 1862 ἔσονται
903 1792 985 1882 πρὸς
1007 1790 1070 1880 τήν

57 1906 125 1966 ΑΒ
149 1901 254 1985 ῥηταί.
300 1898 442 1985 δυνάμει
469 1897 530 1985 μὲν
558 1890 622 1967 οὖν
645 1899 742 1987 ῥηταὶ
770 1891 884 1986 αὗται,
913 1899 1008 1988 μήκει
1032 1899 1070 1968 δέ

58 2007 167 2091 ῥηταί,
191 2003 272 2073 ὅταν
291 2003 331 2072 τά
351 2002 408 2072 ἀπ’
426 2002 538 2074 αὐτῶν
556 2006 748 2093 τετράγωνα
762 2004 783 2093 ή
799 2008 835 2074 ἐν
849 2005 1071 2096 τετραγώνοις

58 2108 218 2196 ἀριθμοῖς
244 2102 266 2197 ή
293 2106 314 2196 ή
341 2109 400 2190 τὰς
427 2111 572 2200 πλευρὰς
600 2117 665 2199 ἔχει
690 2115 898 2200 συμμέτρους
919 2117 960 2202 τή
983 2116 1066 2204 ῥητή
1089 2140 1123 2193 15

59 2218 162 2303 μήκει.
207 2216 262 2283 καὶ
285 2215 368 2303 τάχα
395 2215 433 2286 τὸ
457 2218 640 2306 λεγόμενον
667 2218 824 2287 τοιοῦτόν
847 2220 951 2287 ἐστιν·
989 2219 1070 2288 ὅταν

58 2327 290 2409 συγκρίνωμεν
313 2323 376 2391 δύο
396 2321 542 2409 εὐθείας,
565 2332 628 2393 είτε
649 2323 790 2410 δυνάμει
810 2324 873 2392 είσὶ
888 2325 985 2411 ῥηταὶ
1004 2333 1069 2393 είτε

58 2429 170 2518 μήκει,
202 2433 258 2497 δεῖ
283 2426 367 2515 ὁρᾶν
395 2429 479 2517 πρὸς
505 2437 621 2517 τρίτην
649 2427 787 2499 εὐθείαν
815 2429 920 2517 ῥητήν
949 2422 1068 2516 οὖσαν,

57 2536 113 2603 καὶ
138 2540 168 2604 εί
189 2535 250 2622 μὲν
278 2533 435 2624 εὕροιμεν
464 2534 567 2616 αὐτάς
594 2537 690 2624 μήκει
718 2537 925 2623 συμμέτρους
951 2540 991 2626 τῇ
1020 2540 1070 2605 έκ-

57 2642 191 2731 κειμένῃ
215 2646 309 2731 ρητή,
333 2642 388 2710 καὶ
412 2635 510 2710 αὗται
534 2644 629 2730 ῥηταὶ
654 2648 787 2711 ἔσονται
810 2643 920 2731 μήκει·
943 2641 983 2710 τὰ
1003 2642 1068 2733 γάρ
1087 2670 1123 2721 ιο

57 2754 103 2841 τῷ
128 2745 216 2841 αὐτῷ
235 2749 332 2836 μήκει
351 2749 522 2838 σύμμετρα
544 2750 600 2817 καί
619 2749 702 2836 ῥητά
721 2751 777 2818 καὶ
796 2747 954 2837 άλλήλοις
972 2747 1069 2837 μήκει

58 2856 229 2943 σύμμετρα
255 2857 311 2923 καί
339 2856 422 2944 ῥητά
450 2858 527 2924 ἐστι.
572 2867 672 2926 τοῦτο
697 2857 734 2925 δὲ
759 2861 812 2925 δεῖ
836 2856 891 2923 καὶ
920 2856 972 2924 ἐπὶ
999 2867 1068 2924 τῶν

59 2963 200 3050 δυνάμει
220 2964 330 3049 ῥητῶν
349 2975 468 3031 ποιεῖν.
500 2963 611 3030 ίστέον
631 2963 680 3048 δέ,
704 2960 749 3042 άις
770 2958 991 3050 ἀντιστρέφει,
1014 2963 1069 3029 καί

59 3076 123 3136 εἴτε
147 3067 277 3136 εὐθεῖαι
301 3066 486 3155 σύμμετροί
507 3072 570 3136 είσι
597 3069 652 3136 καὶ
676 3067 732 3136 διὰ
756 3078 855 3136 τοῦτο
881 3067 936 3135 καὶ
960 3070 1070 3154 ῥηταί,

58 3173 172 3242 καὶτὰ
191 3171 247 3242 ἀπ’
265 3172 378 3243 αὐτῶν
396 3173 588 3261 τετράγωνα
605 3175 709 3261 λόγον
728 3179 873 3261 ἔχουσιν,
897 3169 938 3242 ὃν
957 3174 1067 3261 τετρά-
1088 3202 1124 3255 26

58 3308 167 3367 γουνος
189 3279 272 3369 πρὸς
295 3279 505 3367 τετράγωνον
528 3276 693 3367 άρνθμόν,
721 3276 784 3348 κάν
812 3280 852 3348 τὰ
874 3280 1067 3370 τετράγωνα

58 3387 161 3475 λόγον
186 3393 317 3475 ἔχωσιν,
343 3384 385 3454 ὃν
407 3387 614 3474 τετράγωνος
637 3386 721 3473 πρὸς
743 3385 965 3475 τετράγωνον,
990 3386 1070 3475 σάμ-

57 3519 172 3582 μετροι
203 3494 258 3561 καὶ
287 3496 387 3581 ῥηταί
412 3498 497 3561 είσιν
530 3496 568 3560 αί
594 3491 734 3562 εὐθεῖαι.
779 3492 932 3561 καθόλου
960 3485 1023 3562 οὖν
1048 3492 1069 3580 ἡ

57 3602 97 3688 τή
122 3602 204 3689 ῥητή
229 3600 415 3687 σύμμετρος
434 3607 581 3667 καλεῖται
600 3599 683 3687 ῥητή
703 3607 767 3668 εἴτε
786 3598 882 3686 μήκει
900 3601 984 3687 με’ση
1005 3609 1070 3668 είτε

131 3838 154 3886 8.
174 3827 205 3903 ἡ]
225 3848 279 3889 om.
300 3850 326 3901 q.
400 3837 443 3890 29.
463 3831 546 3904 μέση]
565 3848 616 3888 εστ.
637 3830 801 3906 σύμμετρος.
