2424 4320
139 474 1019 540 ssffismmmmfflmmmmm

138 622 183 710 τῳ
202 619 300 710 κώνῳ
319 623 504 706 πυραμίδες
521 617 587 687 άπὸ
606 622 674 688 τών
691 620 877 706 τριγώνων,
901 626 974 688 ίσαι
992 620 1154 709 ἀλλήλαις

140 730 273 793 ἔσονται
297 728 353 793 δια
371 723 409 794 τὸ
429 725 458 793 ε’
477 730 539 794 τοῦ
558 725 605 811 ιβ’
622 730 766 812 βιβλίον.
805 728 844 793 αἱ
859 725 899 795 δὲ
916 725 983 795 δύο
1001 730 1064 815 τῆς
1081 732 1158 816 μιᾶς

141 836 350 912 διπλασίους·
386 830 407 918 ἡ
436 829 502 921 άρα
525 830 590 900 άπο
615 835 676 900 τοῦ
699 832 1055 922 παραλληλογράμμου
1077 832 1157 904 άνα-

140 948 301 1007 σταθεῖσα
324 939 469 1026 πυραμίς
492 939 636 1027 ίσονιβης
651 944 698 1031 τῷ
716 939 814 1031 κώνῳ
833 941 994 1009 διπλασία
1012 944 1076 1027 τῆς
1092 938 1157 1011 άπὸ

104 1049 202 1116 στού
224 1051 361 1132 ημίσεος
387 1041 493 1113 αὐτοῦ
518 1046 686 1135 τριγώνου
714 1045 961 1134 ἀνασταθείσης
989 1050 1156 1130 ίσουψοῦς

139 1157 335 1239 πυραμίδος.
381 1149 465 1219 άλλίι
493 1153 548 1219 καλ
574 1153 611 1221 τὸ
637 1160 736 1220 ΑΕΒ
763 1159 930 1243 τρίγωνον
957 1150 1069 1241 ἥμισύ
1091 1156 1157 1225 ἐστι

138 1271 200 1327 τοῦ
217 1258 579 1346 παραλληλογράμμου·
603 1257 687 1327 ώστε
709 1261 766 1328 καί
788 1264 847 1347 τῆς
868 1257 927 1327 ἀπ’
947 1257 1059 1329 αὐτοῦ
1077 1258 1156 1330 άνα-

139 1371 320 1451 σταθείσης
343 1369 506 1445 ίσουιυοῦς
528 1368 715 1453 πυραμίδος
739 1370 925 1435 διπλασίων
943 1370 1048 1437 ἔσται.
1086 1369 1153 1437 ἐπεὶ

140 1471 177 1539 δὲ
205 1469 225 1557 ἡ
254 1469 319 1541 άπὸ
347 1474 408 1540 τοῦ
435 1473 786 1561 παραλληλογράμμου
815 1470 957 1559 ίσουυὴς
984 1478 1033 1567 τῷ
1058 1474 1154 1567 κώνῳ

88 1599 121 1648 10
140 1578 285 1664 πυραμίς
312 1582 432 1666 μείζων
461 1577 530 1645 ἐστὶ
557 1581 620 1645 τοῦ
645 1578 759 1647 κώνου
790 1577 973 1666 τμήματος·
1010 1584 1156 1671 περιέχει

138 1682 216 1769 γάρ·
236 1684 290 1750 καὶ
306 1681 325 1770 ἡ
341 1682 406 1751 άπὸ
421 1688 481 1752 τοῦ
496 1683 664 1771 τριγώνου
679 1689 822 1771 ίσουψης
835 1688 881 1776 τῳ
895 1684 995 1778 κώνῳ
1010 1690 1156 1777 πυραμὶς

138 1788 272 1876 ἡμίσεια
306 1782 390 1857 ούσα
423 1790 546 1876 ταύτης
572 1795 693 1876 μείζων
719 1796 811 1858 ἔσται
838 1786 860 1877 ἢ
887 1790 925 1860 τὸ
954 1789 1064 1879 ἥμισυ
1095 1804 1155 1863 τοῦ

138 1894 217 1963 καθ’
240 1897 362 1982 ἕαυτην
381 1895 494 1965 κώνου
511 1899 693 1983 τμήματος·
719 1894 877 1977 ὡσαύτως
891 1897 929 1965 δὲ
941 1900 999 1967 καλ
1015 1900 1071 1969 ἐπὶ
1089 1911 1156 1971 τῶν

138 2001 258 2069 ἄλλων.

87 2130 119 2177 15
206 2112 258 2176 52.
296 2111 340 2175 Τὸ
361 2105 428 2193 άρα
447 2114 573 2196 πρίσμα
592 2136 622 2197 p.
639 2113 712 2197 194,
727 2114 783 2193 27]
804 2115 835 2178 εί
850 2108 915 2197 γὰρ
935 2107 953 2178 ὁ
973 2111 1157 2203 κύλινδρος

139 2218 200 2283 τοῦ
232 2216 346 2283 κώνου
379 2213 524 2284 ἐλάττων
558 2217 648 2284 ἐστὶν
680 2214 701 2303 ἢ
734 2223 956 2303 τριπλασίων,
995 2217 1084 2289 ἀλλὰ
1121 2222 1156 2290 τὸ

139 2328 280 2407 πρίσμα,
307 2313 349 2390 οὗ
372 2321 471 2407 βάσις
493 2323 554 2409 μὲν
577 2320 614 2390 τὸ
640 2329 918 2390 ΑΕΒΖΓΗΔΘ
940 2326 1155 2413 πολύγωνον,

139 2425 225 2505 ύψος
240 2428 277 2494 δὲ
291 2427 329 2495 τὸ
344 2426 425 2497 αὐτὸ
442 2433 487 2520 τῳ
502 2431 610 2519 κώνῳ,
630 2428 743 2515 μεῖζόν
757 2431 826 2497 ἐστι
840 2425 860 2516 ἢ
875 2430 1078 2515 τριπλάσιον
1097 2438 1155 2503 τοῦ

138 2533 262 2617 κώνου,
280 2535 335 2601 καὶ
353 2534 391 2601 τὸ
411 2540 538 2621 πρίσμα
557 2535 633 2621 άρα,
653 2526 695 2603 οὗ
709 2537 805 2621 βάσις
822 2534 860 2604 τὸ
876 2542 1158 2609 ΑΕΒΖΓΗΔΘ

86 2665 120 2713 20
139 2638 356 2724 πολύγωνον,
382 2638 469 2720 ύψος
492 2640 529 2708 δὲ
553 2649 629 2709 ἴσον
651 2652 696 2732 τῳ
721 2644 834 2731 κώνῳ,
862 2643 975 2729 μεῖζόν
1001 2646 1073 2714 ἐστι
1097 2651 1157 2716 τοῦ

139 2749 325 2831 κυλίνδρου
361 2750 422 2813 τοῦ
456 2747 557 2831 βάσιν
591 2753 726 2834 ἔχοντος
759 2775 819 2817 τον
852 2754 985 2816 ΑΒΓΔ
1018 2752 1156 2837 κύκλον,

139 2850 225 2931 ὕψος
244 2852 283 2920 δὲ
303 2860 378 2920 ἴσον
392 2856 438 2943 τῷ
452 2852 558 2943 κώνῳ.
591 2851 676 2921 άλλδι
689 2855 746 2922 καὶ
761 2860 909 2922 ἔλαττον·
929 2856 1155 2946 ἐμπεριέχεται

138 2956 202 3042 γάρ
227 2956 283 3025 ὑπ’
306 2956 424 3026 αὐτοῦ·
453 2957 534 3043 ὅπερ
559 2959 649 3026 ἐστὶν
673 2956 853 3029 ἀδύνατον.

206 3068 258 3132 53.
291 3064 349 3142 Ὡς
371 3091 409 3132 το
432 3069 547 3150 τρίτον
570 3066 671 3150 μέρος
693 3070 754 3134 τοῦ
777 3070 961 3154 κυλίνδρου
984 3070 1073 3156 πρὸς
1096 3072 1157 3142 τὸν

85 3194 120 3243 26
138 3169 331 3255 κύλινδρον,
355 3168 461 3249 οὕτως
484 3167 505 3256 ἡ
528 3169 713 3256 πυραμὶςὴ
736 3171 798 3257 τὴν
821 3172 921 3258 βάσιν
945 3179 1072 3261 ἔχουσα
1096 3179 1155 3267 τὴν

138 3282 416 3344 ΑΕΒΖΓΗΔΘ
444 3275 528 3364 πρὸς
554 3275 591 3345 τὸ
616 3282 742 3364 πρίσμα
769 3277 807 3346 τὸ
830 3277 893 3365 τὴν
916 3278 1023 3368 αύτην
1052 3288 1155 3370 βάσιν

138 3387 215 3466 ἔχον
239 3385 278 3468 τῇ
298 3385 461 3468 πυραμίδι
479 3382 535 3448 καὶ
553 3380 640 3463 ὕψος
659 3391 743 3452 ἴσον.
780 3390 891 3468 μεῖζον
911 3385 949 3453 δὲ
966 3384 987 3474 ἡ
1007 3392 1155 3478 πυραμὶς

168 3502 740 3612 ’ἧκ’ῳυωμαω

211 3690 250 3738 16.
271 3646 453 3754 τριπλασίων]
475 3700 560 3754 συρτει
573 3704 594 3738 α
615 3700 697 3741 sono
717 3684 747 3738 B.
808 3692 850 3741 17.
870 3691 1108 3746 ΑΓΒΖΓΗΔΘ
1121 3690 1152 3748 Β.

173 3761 214 3809 24.
235 3756 342 3827 τρίτον]
362 3756 498 3824 τρίγωνον
517 3755 551 3811 V.
620 3762 662 3811 26.
682 3752 753 3827 πρὸς
770 3754 814 3828 τό]
833 3765 855 3812 Α
875 3753 892 3812 ὅ
910 3758 942 3812 V.
1008 3766 1052 3816 2⁷.
1072 3759 1152 3833 ἔχον]

138 3821 262 3893 ἐχόντων
280 3824 314 3881 V.
389 3824 433 3893 δέ]
454 3827 506 3879 καί
522 3825 554 3880 V.
