2414 4236
143 505 216 560 CXII
429 506 700 559 Puohueossuua
717 505 869 560 omma

143 645 275 704 editionis
293 644 336 701 ita
350 644 501 715 Gregorius
515 645 544 700 in
559 644 661 716 praeis
680 644 807 717 „primo“
821 645 914 716 inquit
929 647 1055 714 „textum
1069 644 1153 701 Grae·

144 744 208 782 cum
221 727 297 795 quod
312 725 423 795 attinet,
436 729 470 780 ut
482 726 507 781 is
521 742 606 795 quam
620 723 865 781 emendatissimus
879 724 1153 795 stcastigatissimus

142 805 276 877 prodiret,
295 805 387 862 modis
400 804 532 861 omuibus
546 803 713 874 omonimus,
732 803 876 874 adhibitis,
889 805 974 876 prout
987 820 1057 875 opus
1071 808 1153 874 esset,

142 886 171 941 in
190 884 339 941 consilium
357 903 424 942 mss.
444 884 588 942 codicibus
604 883 682 940 haud
703 883 802 956 paucis
819 882 944 940 melioris
961 886 1060 952 notae,
1083 902 1154 954 quos

141 965 173 1020 in
195 965 270 1020 hunc
293 963 466 1037 ipsissimum
488 980 570 1020 usum
587 963 757 1021 Academiae
779 963 889 1037 pridem
906 964 1019 1035 legarat
1035 981 1154 1034 magnus

142 1043 275 1116 Savilius
294 1048 328 1102 ut
345 1046 376 1101 et
393 1042 628 1114 castigationibus
647 1045 708 1099 eius
723 1044 840 1115 propria
852 1059 939 1100 manu
952 1043 1102 1115 adscriptis
1117 1046 1155 1098 ad

142 1125 300 1196 marginem
323 1124 456 1182 editionis
478 1122 682 1193 Hervegisnae.
719 1124 839 1180 accessit
863 1123 1014 1195 unguem
1035 1125 1066 1179 et
1083 1142 1154 1180 nun-

144 1222 229 1274 quam
247 1207 318 1262 satis
331 1203 522 1277 praedicanda
535 1201 701 1259 amicissimi
714 1205 747 1260 D.
762 1202 875 1260 ioannis
890 1202 1020 1260 Hudsoni
1038 1203 1065 1260 S.
1079 1202 1109 1257 Τ.
1124 1202 1154 1260 Ρ.

143 1284 435 1355 protobibliothecarii
457 1281 606 1339 Bodleiani
630 1282 769 1340 industria
790 1283 821 1340 in
844 1284 1018 1355 expoliendis
1041 1281 1155 1339 Graecis

144 1364 223 1420 hisce
322 1366 431 1420 textum
448 1361 660 1432 Hervagianum
682 1367 749 1420 ante
771 1362 882 1436 paullo,
910 1381 995 1433 quam
1021 1364 1052 1418 in
1073 1365 1154 1432 typo·

143 1445 314 1514 graphorum
323 1459 424 1498 manus
433 1442 601 1512 traderetur,
610 1445 743 1500 accurate
751 1442 1008 1515 interpungendum
1017 1446 1047 1498 et
1056 1441 1155 1498 distin-

142 1523 286 1592 guendnm
306 1522 423 1592 curavit,
441 1521 544 1578 Latine
561 1539 626 1577 cum
640 1522 754 1579 Graecis
771 1539 824 1594 per
839 1526 941 1592 totum,
959 1521 990 1577 in
1006 1521 1155 1579 elementis

143 1603 310 1672 praesertim
328 1619 362 1658 ac
375 1602 465 1671 Datis,
485 1619 595 1658 summa
612 1601 667 1658 fide
686 1602 816 1659 contulit
843 1601 894 1659 ubi
911 1620 946 1659 sa
959 1620 978 1659 a
991 1602 1155 1658 seinvicem

144 1681 335 1753 discrepantia
354 1682 642 1753 deprehenderentur,
668 1681 715 1738 vel
739 1682 826 1738 etiam
843 1684 982 1741 Graecum
1000 1683 1093 1753 ipsum
1111 1699 1155 1735 su-

143 1764 272 1831 spectum
286 1762 444 1830 haberetur,
464 1761 585 1818 consulti
602 1761 681 1818 illico
700 1781 764 1819 mss.
784 1762 905 1833 codices,
922 1779 1042 1832 quorum
1060 1760 1154 1826 lectio,

143 1842 167 1895 si
189 1858 251 1895 cum
270 1842 378 1896 Latinis
402 1846 582 1912 congrueret,
609 1841 646 1897 ad
669 1841 826 1911 marginem
846 1841 993 1912 adscripta
1016 1840 1155 1907 emtabat,

144 1919 188 1974 sin
206 1920 307 1987 minus,
324 1921 456 1992 apposita
474 1920 602 1988 stellula,
621 1922 656 1976 nt
672 1919 773 1977 exinde
791 1920 937 1993 indicandi
955 1919 1066 1978 occasio
1084 1919 1155 1975 mihi

143 1999 266 2069 daretur,
284 2004 350 2054 utra
367 2002 480 2056 demum
498 2001 582 2056 lectio
602 1999 786 2057 Geometricis
805 1999 961 2057 rationibm
978 1999 1070 2071 magis
1090 2017 1154 2055 con-

142 2078 277 2134 veniret.“
296 2080 353 2135 iam
368 2081 433 2136 hinc
448 2082 575 2152 adparet,
588 2098 645 2136 non
656 2080 781 2137 codicem
797 2080 930 2151 aliquem,
944 2081 993 2137 sed
1003 2079 1155 2136 editionem

143 2157 299 2229 principem
318 2160 453 2232 Hervagii
472 2160 687 2216 fundamentum
705 2177 766 2217 esse
785 2160 918 2217 editionis
934 2161 1108 2228 Oxoniensis,
1127 2168 1156 2215 et

143 2236 253 2293 codices
272 2239 312 2293 ibi
331 2243 443 2296 tautum
456 2239 601 2312 inspectos
614 2257 683 2311 esse,
701 2241 751 2296 ubi
764 2242 898 2297 Hudsono
912 2241 1058 2310 aliquado
1072 2257 1156 2296 cause

143 2320 273 2387 suspecte
301 2323 373 2376 esset
401 2321 542 2390 scriptura
569 2320 701 2378 editionis
724 2319 810 2378 Basil.
839 2323 869 2377 et
894 2322 948 2377 hoc
977 2323 1156 2376 confirmatur

144 2398 388 2456 emendationibus
412 2401 697 2471 adnotationibusque
716 2399 845 2471 Gregorii
866 2399 1053 2471 perlustratis.
1091 2417 1156 2452 nrm

143 2494 207 2531 cum
225 2478 392 2548 plerumque
412 2479 565 2537 editionem
578 2481 664 2535 Basil.
684 2483 826 2549 sequatur,
845 2480 891 2535 hic
909 2478 970 2534 illic
983 2478 1013 2533 in
1027 2479 1084 2533 imo
1099 2497 1155 2550 mg.

144 2555 275 2625 adnotat,
304 2562 354 2614 aut
378 2557 485 2628 aliquid
509 2574 524 2613 e
548 2560 628 2615 codd
647 2563 791 2629 receptum
817 2575 878 2614 esse
901 2559 991 2628 (uelut
1008 2579 1036 2628 p.
1055 2564 1107 2612 225
1127 2560 1156 2613 iu

143 2634 180 2701 X,
203 2642 236 2691 lo
255 2637 298 2691 ed.
318 2641 421 2705 meaa),
449 2641 499 2692 aut
522 2637 629 2708 aliquid
653 2639 683 2693 in
701 2639 780 2694 codd.
800 2670 834 2679 -
853 2655 918 2693 nam
937 2639 1102 2708 plerumque
1122 2639 1156 2692 de

143 2715 334 2785 compluribus
359 2716 460 2786 dicim)
486 2748 519 2757 -
543 2717 677 2772 omissum
701 2733 763 2772 esse
785 2720 862 2773 recte
887 2717 981 2785 (uelut
1003 2737 1030 2788 p.
1055 2724 1104 2773 175
1128 2719 1156 2772 in

146 2794 219 2863 v111,
238 2801 266 2862 e;
286 2814 313 2865 p.
334 2801 386 2851 ros
404 2796 436 2851 in
452 2796 500 2865 lx,
521 2801 567 2865 123
585 2814 613 2866 p.
628 2802 680 2851 201
700 2797 730 2852 in
747 2797 795 2866 lx,
816 2804 861 2865 ro;
881 2816 908 2868 p.
923 2804 975 2853 eos
996 2798 1026 2852 in
1044 2798 1090 2867 IX,
1110 2805 1156 2861 ³³³

143 2892 171 2944 p.
186 2880 238 2930 218
258 2876 287 2929 in
301 2875 335 2944 X,
350 2881 375 2945 2,
395 2874 476 2944 alibi)
494 2877 542 2930 uel
554 2892 701 2946 perperam
716 2880 753 2947 (p.
769 2883 821 2933 805
841 2877 939 2946 „deest
951 2877 981 2933 in
996 2879 1057 2934 cod.
1067 2882 1157 2943 ms.“),

143 2955 194 3009 aut
212 2955 326 3011 omniuo
349 2955 433 3010 aliter
456 2955 487 3009 in
505 2955 585 3011 codd.
604 2954 663 3025 legi
686 2957 780 3025 (adut
801 2974 829 3027 p.
848 2963 882 3012 27
901 2958 932 3012 in
950 2958 984 3028 V,
1003 2964 1033 3026 43
1057 2977 1084 3028 p.
1104 2964 1155 3010 221

144 3035 172 3088 in
187 3034 221 3102 X,
240 3042 286 3100 113
304 3033 441 3090 notabilis
461 3038 505 3090 est
522 3036 601 3091 locus
618 3053 647 3106 p.
662 3041 713 3091 tol
734 3036 781 3104 „in
795 3055 861 3094 mas.
881 3036 960 3093 ἔσται
978 3035 996 3109 ἡ
1016 3043 1065 3093 AB
1084 3035 1156 3091 κατὰ

144 3114 176 3169 τὸ
196 3110 267 3170 αὐτὰ
287 3115 382 3185 τμῆμα
400 3110 432 3169 τὸ
454 3119 481 3169 Γ
501 3115 637 3184 διαιρέσει
662 3118 841 3184 διαιρεθεῖσα
860 3117 933 3173 κατὰ
952 3118 984 3174 τὸ
1005 3124 1062 3187 Δ“,
1085 3136 1157 3187 quae

143 3195 201 3249 fere
219 3197 264 3249 est
280 3194 422 3264 scriptura
444 3194 579 3249 mendosa
601 3195 708 3251 codicis
726 3195 748 3250 P
767 3195 806 3250 111
824 3214 851 3268 p.
872 3203 932 3265 122,
951 3201 1046 3268 e-7);
1070 3199 1156 3254 inter-

144 3273 211 3327 dum
231 3272 266 3328 de
284 3290 334 3329 suo
354 3274 520 3342 scriptoram
541 3274 607 3331 edit.
627 3275 712 3331 Basil.
734 3278 838 3345 mutat,
860 3277 940 3333 uelut
962 3297 989 3348 p·
1010 3283 1044 3333 82
1063 3279 1121 3349 (iv,
1141 3285 1157 3331 o

144 3353 265 3421 coruli),
289 3372 315 3423 p.
336 3358 389 3407 220
408 3353 457 3420 (X,
479 3358 778 3427 10-11permutat);
805 3375 833 3427 p.
852 3363 904 3412 222
926 3358 990 3427 (ΧΙ,
1012 3364 1026 3412 1
1046 3358 1108 3427 „hic
1128 3360 1157 3412 in

144 3449 194 3487 ora
216 3432 296 3488 codd.
319 3449 386 3486 mss.
412 3432 581 3489 adscribitur
607 3438 704 3491 scires
731 3433 786 3507 peip
814 3436 938 3491 dosoris
963 3435 1083 3493 ridetur
1108 3433 1154 3492 ἐπ’

145 3508 265 3574 εὐθείας
288 3507 460 3584 ἐκβαίεῖα“)
483 3512 553 3570 miro
577 3515 659 3572 modo
683 3533 747 3571 cum
770 3516 814 3574 ed.
837 3516 923 3572 Basil.
948 3518 1088 3574 consentit
1116 3522 1156 3586 (u.

145 3607 230 3661 supra
247 3609 274 3661 p.
294 3589 447 3662 0V1);cfr.
469 3595 555 3650 etiam
573 3612 600 3665 p.
620 3600 680 3650 887.

182 3702 358 3712 ...ι-

204 3750 239 3833 ᾗ)
262 3750 292 3805 Ρ.
313 3756 362 3806 187
389 3751 515 3808 codicem
534 3753 720 3811 Bodleianum
743 3753 883 3823 nominat,
906 3775 933 3826 p.
952 3760 1004 3812 2⁶6
1030 3755 1157 3812 codicem

145 3819 327 3878 Saurhanum.
