2414 4236
142 502 207 567 170
291 500 450 555 scnom
466 500 506 553 m
523 498 800 553 ωωιωκποεσιι
815 498 992 555 mauu

139 643 326 730 ἐλάμβανεν
340 650 415 721 ίσας
428 641 528 711 δυσίυ
541 642 596 710 καὶ
615 646 723 731 γωνίμ
740 644 801 732 μιᾷ
818 644 901 729 μίαν
919 648 1010 728 ίσην,
1028 636 1072 711 οῦ
1090 638 1159 729 τὴν

138 753 308 838 τυχοῦσαν
317 747 517 835 έλάμβαυειν
526 754 667 834 γωνίαν,
677 744 767 833 ἄλλ’,
780 743 941 827 ιδςαῦτοῦ
948 752 1159 835 προσετίθει,

138 854 200 943 τὴν
213 853 279 925 ῦπὸ
297 858 367 925 τῦν
385 862 471 924 ἰσων
485 853 630 949 εῦθειῦν
643 855 895 942 περιεχομένην,
912 850 1003 923 οῦτω
1016 852 1076 923 καί
1089 852 1157 923 δάο

138 966 264 1047 γωνίας
282 961 361 1029 δυσί
378 960 561 1047 λαμβάνων
580 967 654 1041 ἰσας
671 960 728 1028 καί
750 965 833 1047 μίαν
853 959 1005 1049 πλευράν
1026 964 1089 1051 μιᾷ
1112 960 1155 1031 οῦ

103 1095 121 1143 5
138 1070 201 1153 τὴν
218 1077 388 1155 τυχοῦσαν
406 1065 580 1154 λαμβάνει,
603 1063 677 1135 ἄλλ’
695 1064 771 1152 ἤτοι
793 1064 856 1154 τὴν
876 1064 962 1155 πρός
978 1078 1053 1147 ταίς
1064 1074 1158 1149 ίσαις

138 1179 279 1259 γωνίαις
291 1169 311 1261 ἢ
326 1176 389 1260 τὴν
402 1170 648 1242 ὑποτείνουσαν
661 1169 729 1242 ῦπδ
738 1178 821 1260 μίαν
832 1176 901 1243 τῶν
909 1180 997 1243 ίσων
1006 1176 1158 1261 γωνιῦα.

139 1276 217 1347 οῦτε
243 1278 309 1367 γάρ
337 1284 466 1366 γωνίαν
494 1278 547 1347 ἐπὶ
573 1282 636 1347 τοῦ
663 1278 822 1366 τετάρτου
852 1287 1047 1367 ληφθεῖσαν
1074 1288 1156 1369 ίσην

138 1384 201 1471 τὴν
220 1390 389 1473 τυχοῦσαν
409 1383 487 1454 οῦτε
504 1386 655 1469 πλευράν
672 1384 727 1454 ἐπὶ
744 1388 846 1455 τοῦδε
858 1389 920 1455 τοῦ
933 1386 1157 1475 θεωρήματος

140 1493 216 1559 οἵαν
239 1491 319 1559 ποτε
342 1494 517 1560 δεικνύναι
539 1490 580 1560 τὰ
603 1490 704 1560 λοιπά
726 1498 784 1559 ἰσα
807 1491 965 1563 δυνατόν.

88 1626 121 1674 10
204 1598 299 1677 τέλος
319 1602 381 1666 τοῦ
404 1597 438 1665 α’
460 1598 636 1684 τμήματος.

206 1709 258 1772 98.
291 1705 401 1790 Μέχρι
419 1703 542 1772 τοῦτου
559 1707 621 1773 τοῦ
638 1707 855 1791 θεωρήματος
872 1707 996 1786 ίκανως
1014 1706 1157 1791 διδάξας

139 1807 158 1877 ὁ
187 1808 372 1895 Εὐκλείδης
397 1811 473 1897 περὶ
500 1814 559 1895 τῆς
585 1812 747 1896 γενέσεως
777 1814 847 1879 τῶν
871 1810 1049 1899 τριγάνων
1076 1834 1156 1903 σχη·

139 1914 254 2000 μάτων
282 1916 337 1981 καί
364 1915 441 2002 περὶ
468 1917 526 2000 τῆς
553 1914 707 2001 ἰσότητος
728 1917 841 1985 αὐτῶν
863 1918 920 1985 καλ
942 1912 1155 2007 άνισότητος,

140 2021 203 2089 ὅσα
222 2024 370 2090 δυνατόν
389 2025 426 2090 έν
445 2024 650 2109 στοιχειώσει
668 2025 789 2109 λέγειν,
811 2025 970 2091 ἐντεῦθεν
989 2026 1065 2109 περὶ
1084 2030 1155 2096 των

88 2156 121 2203 15
140 2128 392 2216 τετραπλεύρων
417 2130 583 2213 διδάσκει,
609 2131 872 2216 προηγουμένως
894 2128 957 2215 μὲν
979 2131 1055 2218 περὶ
1084 2137 1155 2202 τῶν

139 2237 505 2324 παραλληλογράμμων,
526 2239 565 2324 τή
586 2236 623 2303 δὲ
641 2234 772 2304 τούτων
791 2242 920 2327 θεωρίᾳ
938 2240 1154 2327 συνεισφέρει

139 2342 195 2409 καὶ
221 2343 283 2429 τὴν
311 2344 387 2431 περὶ
414 2348 482 2411 τῶν
509 2347 692 2430 τραπεζίωυ
721 2346 955 2411 διδασκαλίαν·
997 2343 1156 2432 διῄρηται

138 2449 204 2534 γὰρ
226 2447 265 2518 τό
289 2450 534 2537 τετράπλευρον
553 2457 601 2529 εἰς
618 2474 653 2515 τε
671 2446 710 2515 τὸ
729 2448 1079 2537 παραλληλόγραμμον
1098 2453 1155 2521 καί

140 2559 188 2635 εἰς
214 2559 252 2624 τὸ
279 2557 469 2642 τραπέζιον,
501 2555 556 2622 καὶ
584 2558 688 2622 ταῦτα
716 2553 854 2641 ἑκάτερα
881 2560 929 2635 εἰς
951 2557 1046 2641 ἕτερα
1070 2562 1156 2645 είδη.

85 2691 121 2741 20
141 2660 197 2728 διὰ
222 2661 260 2729 δὲ
282 2660 344 2747 τὴν
370 2665 429 2746 τῆς
457 2659 608 2746 ἰσότητος
636 2666 831 2745 μετουσίαν,
862 2657 907 2747 ἣν
940 2667 1006 2749 ἔχει
1033 2662 1087 2732 άεί
1113 2664 1155 2735 τό

139 2766 505 2854 παραλληλόγραμμον,
537 2765 672 2845 εἰκότως
698 2767 848 2834 τέτακται
881 2772 1156 2857 προηγουμένως,

139 2870 176 2940 τὸ
211 2872 249 2940 δὲ
279 2873 456 2958 τραπέζιον
488 2869 662 2957 άνισότητι
694 2877 891 2959 περιπίπτου
928 2875 964 2941 ἐκ
995 2886 1054 2961 τῆς
1085 2880 1157 2946 τῶν

139 2978 497 3066 παραλληλογράμμων
519 2981 623 3064 τομῆς
643 2975 706 3063 τὴν
729 2980 863 3064 γένεσιν
886 2981 964 3066 ἕξει,
992 2980 1038 3060 ὡς
1060 2986 1156 3051 ἔσται

139 3092 318 3171 προιοῦσιν
332 3084 412 3172 ἡμίν
428 3089 541 3170 δῆλον.
574 3085 643 3152 ἐπεὶ
663 3085 701 3152 δὲ
718 3086 1066 3173 παραλληλόγραμμόν
1084 3092 1157 3159 ἐστι

86 3222 121 3270 25
140 3191 177 3261 τὸ
209 3190 275 3259 ὑπὸ
309 3189 534 3276 παραλλήλων
565 3194 730 3277 γραμμῶν
765 3187 912 3260 εὐθειῶν
947 3189 1157 3265 ἀπεναντίον

139 3302 301 3386 κειμένων
324 3294 483 3382 άλλήλαις
504 3296 798 3384 περιγραφόμενον
819 3303 940 3386 σχῆμα,
962 3296 1158 3387 ἀναγκαίως

139 3404 206 3473 άπὸ
233 3409 302 3474 τῶν
328 3405 550 3490 παραλλήλων
578 3416 720 3472 ποιεῖται
746 3404 808 3491 τὴν
838 3403 949 3492 ἀρχὴν
973 3410 1034 3493 τῆς
1060 3409 1158 3476 διδα·

140 3518 288 3598 σκαλίας,
305 3510 362 3578 καὶ
380 3513 463 3578 κατά
481 3512 589 3598 βραχὺ
607 3509 737 3598 προιὼν
752 3512 788 3578 ἐκ
801 3510 931 3579 τούτων
946 3517 994 3593 εἰς
1007 3509 1071 3599 τὴν
1084 3519 1160 3584 τῶν

139 3616 495 3706 παραλληλογράμμων
518 3617 686 3703 εἰσβάλλει
710 3624 861 3704 θεωρίαν
885 3618 937 3686 ἑνὶ
960 3620 1050 3708 μέσῳ
1074 3647 1159 3709 χρη-

209 3856 252 3905 98.
272 3849 312 3903 V·
325 3850 389 3921 (sq).
