2414 4236
248 490 405 544 scnom
422 491 461 543 m
479 489 753 543 mmmm
769 492 909 543 τωευετ
922 493 955 544 x.
1040 489 1106 556 429

91 632 158 720 άρα
186 627 333 718 άριθμδς
360 627 482 698 ἑαυτὸν
509 641 628 716 μετρεί.
678 626 922 719 ὑποδείγματος
953 630 1052 719 χάριν
1085 629 1104 701 ὁ

93 739 157 826 μὲν
178 743 254 824 τρία
276 734 338 805 τὸν
360 741 436 825 τρία
459 749 572 823 μετρεῖ
592 733 678 818 άπαξ
702 737 900 824 έφαρμόζων
921 733 1023 832 αὐτῷ,
1047 738 1104 825 ἐφ-

92 844 279 932 αρμόζοντα
298 844 339 912 δέ
350 845 420 912 ἐστι
432 840 472 911 τά
488 840 572 930 μήθ’
588 840 792 932 ὑπερέχοντα
806 842 886 931 μήτε
901 845 1104 914 ἐλλείποντα.

93 950 155 1021 τὸν
178 951 216 1019 δὲ
238 954 259 1022 ξ
281 947 300 1018 ὁ
323 954 346 1036 γ
368 962 482 1036 μετρεῖ
503 949 555 1030 δίς
578 949 775 1037 ἐφαρμόζειν
797 947 899 1042 αὐτῷ.
944 947 962 1018 ὁ
986 956 1008 1037 γ
1028 955 1105 1038 τρία

92 1062 211 1126 τοίνυν
234 1056 292 1123 καὶ
315 1055 378 1125 ὁδ
401 1056 587 1143 σύμμετροί
607 1059 683 1141 είσι,
705 1057 761 1124 καί
784 1057 884 1143 μέρος
906 1056 976 1125 έστί
998 1061 1104 1125 τοῦδ
1140 1086 1156 1134 ⁶

92 1160 111 1232 ὁ
136 1168 166 1250 γ.
212 1159 293 1232 ὁδδ
314 1149 335 1231 λ
358 1167 418 1232 τοῦ
441 1167 480 1250 μ,
508 1159 553 1242 ὡς
580 1169 724 1248 εἴρηται,
752 1161 942 1249 σύμμετρος,
960 1162 1021 1249 μὲν
1049 1162 1105 1230 καί

93 1266 136 1339 οὐ
158 1271 272 1356 μέρος,
300 1267 385 1337 άλλδι
411 1270 503 1358 μέρη.
549 1267 606 1336 καὶ
634 1267 717 1336 ὅταν
743 1267 807 1354 μὲν
832 1260 854 1357 ᾖ
882 1270 996 1357 μέρος,
1023 1266 1105 1337 ὑπο-

94 1375 344 1445 πολλαπλάσιον
358 1388 450 1444 ποιεί
460 1373 575 1461 λόγον,
589 1372 649 1443 ἐὰν
665 1375 703 1443 δὲ
716 1375 810 1464 μέρη,
825 1376 884 1444 ἕνα
898 1386 967 1445 τῶν
977 1378 1105 1444 λοιπῶν

93 1480 289 1569 ὑπολόγων,
318 1476 394 1551 οἷον
420 1478 827 1570 ὑποτριπλασιεπίτριτον,
853 1478 1061 1568 ὑφημιόλιον
1084 1476 1105 1568 ἢ

94 1587 200 1657 άλλον
218 1587 375 1657 τοιοῦτόν
392 1613 479 1657 τινα.
514 1587 569 1654 καί
588 1585 648 1655 ἐὰν
666 1585 798 1656 εὐθεῖαι
817 1579 890 1674 άσι,
912 1588 969 1655 καὶ
985 1586 1026 1655 τά
1045 1585 1103 1655 άπ’
1125 1614 1160 1666 10

95 1692 208 1764 αὐτῶν
232 1697 369 1764 ἐπίπεδα
391 1690 511 1762 καὶτὰ
535 1692 651 1781 στερεὰ
674 1693 778 1780 λόγον
800 1695 874 1777 ἕξει,
898 1690 939 1763 δν
961 1692 1107 1783 ἀριθμὸς

95 1798 178 1887 πρὸς
210 1798 376 1889 ἀριθμόν,
408 1801 467 1869 ἐὰν
500 1799 538 1868 δὲ
570 1799 724 1886 ἐπίπεδα,
755 1801 811 1868 καλ
838 1799 878 1868 τά
905 1798 962 1868 ἀπ’
993 1798 1106 1869 αὐτῶν

95 1908 224 1995 στερεά,
248 1905 290 1976 οά
314 1908 428 1994 μέντοι
449 1907 506 1975 καί
529 1908 567 1973 αί
588 1903 731 1993 εὐθεῖαι,
754 1902 798 1974 άν
817 1904 861 1994 μὴ
880 1898 902 1997 ᾖ
922 1907 1021 1994 λόγος
1038 1911 1107 1977 τῶν

94 2011 263 2101 άρνδμῶν,
287 2011 329 2081 δν
351 2014 559 2100 τετράγωνος
580 2011 664 2098 πρὸς
685 2011 940 2103 τετράγωνον.1)

163 2120 251 2204 Περὶ
275 2121 385 2205 ὁητάν
407 2120 463 2187 καὶ
487 2116 630 2205 άλόγων.
1127 2143 1161 2194 ιο

163 2223 201 2292 τὸ
230 2223 334 2312 ῥητὸν
359 2224 416 2293 καὶ
441 2225 569 2311 άλογον
596 2225 740 2310 μέγεθος
767 2223 925 2312 ἑκάτερον
953 2225 1015 2293 οὐκ
1037 2230 1108 2294 ἔστι

95 2335 165 2399 τῶν
192 2328 271 2399 καθ’
300 2327 385 2400 αὑτά
412 2333 625 2417 νοουμένων,
658 2327 742 2397 ἄλλά
774 2331 857 2419 πρὸς
888 2332 1003 2418 ἕτερον
1030 2350 1108 2417 συγ·

96 2441 315 2524 κρινομένων.
360 2433 425 2504 ὅσα
452 2435 517 2522 γὰρ
546 2433 702 2522 άλλήλοις
729 2434 900 2524 σύμμετρα
922 2444 988 2504 είτε
1011 2435 1108 2523 μήκει

97 2543 153 2611 καί
176 2543 318 2630 δυνάμει
336 2550 401 2611 εἴτε
421 2541 563 2629 δυνάμει
582 2541 700 2629 μόνον,
722 2546 827 2611 ταῦτα
849 2542 904 2609 καὶ
923 2541 1006 2629 ῥητά
1025 2567 1110 2631 προς

98 2647 225 2736 άλληλα
251 2650 395 2736 λέγεται,
428 2648 491 2717 ὅσα
520 2648 557 2716 δὲ
585 2646 741 2736 ἀλλήλοις
763 2647 972 2737 άσάμμετρα,
1004 2654 1109 2717 ταῦτα
1126 2672 1162 2723 20

97 2754 204 2842 άλογα
221 2780 305 2845 προς
324 2755 451 2842 άλληλα
470 2756 625 2841 λέγεται·
645 2760 681 2823 οί
696 2755 758 2842 μδν
771 2753 912 2842 άριδμολ
927 2755 1109 2843 σύμμετροι

98 2862 334 2948 τυγχάνουσιν,
345 2866 476 2945 ἐπείπερ
488 2863 625 2942 ἕκαστος
634 2862 747 2931 αὐτῶν
756 2859 824 2930 ὑπό
833 2889 925 2942 τινος
935 2866 1109 2950 ἐλαχίστου

99 2970 221 3053 μέτρου
239 2981 412 3054 μετρεῖται.
448 2964 575 3055 ὁμοίως
593 2969 630 3036 δὲ
648 2971 755 3055 πῆχυς
771 2968 827 3035 καὶ
845 2971 1009 3054 παλαιστὴ
1029 2989 1109 3054 σνμ·

98 3077 236 3160 μετρίαν
249 3078 362 3161 ἔχουσι
371 3071 454 3161 πρὸς
463 3072 605 3160 άλληλα·
620 3072 773 3163 ἑκάτερος
781 3073 847 3160 γάρ
857 3071 923 3143 ὑπὸ
935 3075 1110 3162 ἐλαχίστου

97 3182 221 3265 μέτρον
252 3192 500 3266 καταμετρεϊται
532 3176 598 3248 ὑπὸ
632 3179 800 3249 δακτύλου
830 3179 980 3266 μονάδος
1008 3180 1109 3248 θέσιν
1127 3202 1161 3252 τσ

97 3291 241 3371 ἔχοντος.
279 3284 419 3372 άπείρον
437 3284 475 3353 δὲ
492 3289 551 3372 τῆς
568 3287 606 3354 ἐν
619 3298 690 3365 τοῖς
703 3287 882 3373 μεγέθεσιν
895 3284 1110 3373 ὑπαρχούσης

97 3395 200 3478 τομῆς
214 3391 269 3459 καὶ
284 3388 429 3478 μηδενὸς
442 3388 668 3478 ὑφεστηκάτος
681 3393 855 3478 ἐλαχίστου
864 3393 987 3480 μέτρου
997 3395 1110 3479 δῆλον,

98 3495 150 3564 ὅτι
172 3501 234 3566 τοῦ
258 3499 362 3584 ῥητοῦ
385 3500 550 3584 μεγέθους
576 3496 639 3585 οὐχ
662 3498 699 3566 ἕν
721 3525 753 3566 τι
774 3498 832 3565 καὶ
854 3495 1042 3586 ὡρισμένον
1065 3495 1110 3578 ὡς

98 3600 116 3671 ὁ
148 3604 312 3683 δάκτυλος
344 3605 516 3690 ἐλάχιστον
548 3605 686 3691 μέτρον,
719 3602 793 3671 ἄλλ’
819 3602 873 3692 ἐφ’
898 3602 980 3692 ἡμῖν
1008 3607 1110 3689 ἐστιν,

172 3835 198 3902 1)
216 3832 269 3889 Hic
287 3833 473 3903 interponitur
491 3835 520 3888 in
539 3845 568 3903 qe
588 3833 724 3890 scholium
743 3835 781 3891 ad
798 3850 882 3907 ρτορ.
897 3835 943 3890 m
955 3854 1004 3891 m,
1019 3840 1072 3888 οὶ.
