2414 4236
136 482 180 546 98
290 480 449 533 scnom
464 480 505 533 m
521 476 797 531 mmmm
813 478 956 531 mm
967 478 991 531 1.

135 648 171 691 τε
193 626 252 709 τὴς
275 621 457 709 διαμέτρου
477 620 534 689 καί
555 623 616 707 τῆς
633 616 958 709 ἀπολαμβανομένης
972 614 1031 687 δι’
1047 614 1160 705 αύτής

136 732 363 817 περιφερείας,
392 728 533 815 κέντρον
561 724 599 795 δὲ
624 729 688 794 τού
712 721 914 813 ἡμικυκλίου
939 722 980 795 τδ
1001 722 1105 814 αύτό,
1133 720 1157 795 δ

135 837 192 904 καί
214 838 276 903 τοῦ
297 832 424 903 κύκλου
446 834 546 901 ἐστίν.

204 938 269 1010 άπὸ
292 940 354 1029 μὲν
375 943 438 1009 τοῦ
462 936 607 1027 ὁρισμοῦ
628 941 691 1007 τοῦ
707 935 835 1007 κύκλου
850 936 914 1026 τὴν
931 940 994 1009 τοῦ
1009 938 1160 1027 κέντρου

101 1071 118 1119 ο
137 1047 243 1135 φύσιν
257 1043 517 1135 άνηυρίσκομεν,
531 1042 598 1113 άπὸ
615 1044 723 1113 δίτού
735 1040 1158 1133 κέντρουτὴνδιάμετρον·

137 1152 203 1223 άπὸ
226 1153 264 1222 δὲ
285 1157 345 1241 τής
368 1153 549 1240 διαμέτρου
569 1148 608 1220 τὸ
631 1147 839 1239 ἡμικύκλιον,
861 1150 931 1219 δτι
948 1151 1033 1221 ποτέ
1047 1152 1155 1239 ἐστιν,

137 1259 370 1345 άναδιδάσκει,
399 1256 450 1327 ότι
476 1254 543 1326 όπδ
573 1254 635 1325 δύο
662 1257 847 1344 περιέχεται
870 1252 977 1343 όρωυ,
1003 1254 1157 1346 εύδείας,

137 1369 193 1435 καί
215 1365 337 1452 ταύτης
360 1360 402 1433 ού
424 1366 483 1451 τὴς
501 1362 678 1451 τυχούσης,
702 1359 788 1431 άλλά
805 1365 865 1450 τὴς
883 1364 1074 1452 διαμέτρου,
1096 1364 1156 1433 καί

137 1477 350 1559 περιφερείας
381 1473 439 1557 τής
470 1466 794 1557 ἀπολαμβανομένης
823 1465 891 1539 ὑπὸ
919 1473 978 1556 τῆς
1006 1465 1155 1555 εύδείας,

87 1604 119 1652 10
138 1580 191 1647 καί
221 1577 283 1666 μίν
312 1575 354 1664 δὴ
381 1575 438 1643 καί
466 1573 578 1645 ὅτιτὸ
602 1573 684 1645 αι’πδ
707 1578 769 1643 τοῦ
791 1570 992 1663 ἡμικυκλίου
1012 1576 1156 1662 κέντρου

137 1685 194 1754 καί
216 1689 278 1752 τοῦ
300 1682 435 1751 κύκλου.
478 1682 536 1749 καί
559 1683 817 1770 ίπισημαυτέου,
846 1679 899 1750 ότι
920 1683 1031 1769 μόνον
1051 1686 1156 1751 τούτο

137 1795 206 1860 τῶν
226 1790 392 1858 ἐπιπέδων
410 1786 589 1874 σχημάτων
607 1789 661 1856 ἐπί
674 1792 734 1875 τῆς
746 1788 946 1876 περιμέτρου
958 1786 997 1857 τδ
1010 1788 1154 1875 κέντρον

140 1902 218 1983 ἕχει·
251 1898 345 1981 τριχὴ
368 1893 435 1981 γάρ
457 1891 495 1963 τὸ
516 1896 659 1980 κέντρον
680 1893 913 1982 δεωρήσομευ,
936 1890 958 1983 ἡ
980 1896 1086 1982 ἐντός,
1108 1892 1157 1977 ὥς

139 2002 191 2069 ἐπί
206 2005 268 2069 τοῦ
281 2001 418 2086 κύκλου,
437 1996 458 2088 ἡ
474 1999 576 2085 ίκτός,
595 1998 641 2080 τός
655 2000 708 2068 ἐπί
721 2004 791 2068 τόν
806 2004 960 2069 κωνικῶν
977 2006 1154 2089 χραμμιδν,

90 2104 162 2195 1οὴ
185 2107 237 2174 ἐπί
260 2111 319 2193 τῆς
340 2109 549 2193 περιμέτρου,
574 2104 619 2186 ὡς
641 2105 695 2174 ἐπί
717 2110 778 2175 τοῦ
801 2105 1011 2193 ἡμικυκλίου.

207 2210 442 2300 Εόθύγραμμα
465 2212 614 2301 σχήματά
634 2215 725 2280 ἐστιν
743 2211 783 2280 τὰ
801 2210 868 2281 ὑπὸ
888 2212 1033 2281 εὐθειῶν
1050 2240 1157 2301 χραμ-

139 2332 212 2407 μῶν
230 2320 459 2407 περιεχόμενα,
481 2325 663 2406 τρίπλευρα
686 2319 748 2405 μὲν
765 2319 806 2387 τὰ
824 2316 891 2388 ὑπὸ
908 2330 1022 2406 τριῶν,
1045 2320 1158 2407 τετρά·

139 2436 265 2514 πίτυρα
289 2426 326 2494 δὲ
348 2426 389 2493 τά
412 2424 479 2493 ὑπὸ
502 2428 690 2511 τεσσάρων,
719 2428 933 2513 πολύπλευρα
961 2426 999 2494 δὲ
1021 2426 1062 2493 τά
1086 2425 1156 2496 ὑπὸ

140 2534 305 2602 πλειόνων
330 2528 349 2617 ἡ
372 2532 547 2613 τεσσάρων
569 2535 724 2617 πλευρῶν
746 2532 974 2619 περιεχόμενα.

88 2662 121 2709 ‘20
208 2638 289 2724 μετὰ
312 2635 350 2704 τὸ
374 2638 557 2722 μοναδικόν
581 2641 691 2725 σχῆμα
713 2640 771 2705 καί
792 2639 830 2706 τό
854 2638 1006 2718 δυοειδὲς
1023 2637 1061 2707 τὸ
1081 2638 1158 2727 ἡμι-

139 2743 277 2811 κύκλιον
305 2740 326 2828 ἡ
353 2746 422 2809 τῶν
448 2739 608 2829 ἀριθμῶν
635 2741 686 2811 ἐπ’
711 2742 852 2831 άπειρον
879 2745 1024 2831 πρόοδος
1050 2770 1157 2831 παρα-

142 2854 272 2917 δίδοται
294 2852 362 2917 τῶν
386 2845 636 2936 εὐθυγράμμων
660 2849 846 2937 σχημάτων.
889 2849 945 2918 διὰ
969 2851 1157 2938 γάρτοῦτο

139 2956 195 3024 καί
219 2953 239 3042 ἡ
262 2960 323 3024 τοῦ
346 2953 545 3043 ἡμικυκλίου
566 2958 707 3042 γέγονεν
734 2958 863 3045 μνήμη,
892 2955 943 3026 ότι
965 2957 1050 3026 κατὰ
1074 2957 1159 3039 τοὺς

141 3060 243 3150 ὅρους
265 3060 310 3146 πὴ
332 3061 394 3150 μὲν
416 3067 462 3154 τῷ
485 3061 596 3154 κύκλῳ
620 3063 806 3149 χειτνιάζει,
830 3061 875 3150 πὴ
900 3064 937 3132 δέ
958 3078 1030 3143 τοῖς
1052 3061 1158 3132 εύδυ-

87 3196 122 3245 κο
141 3168 319 3256 χράμμοις·
354 3169 485 3255 πρόεισι
515 3167 551 3235 δὲ
573 3166 614 3234 τὰ
638 3165 859 3257 εὐθύγραμμα
883 3167 1049 3251 εύτάκτως
1070 3170 1157 3239 κατὰ

141 3274 201 3344 τὸν
224 3272 289 3343 άπὸ
312 3278 447 3358 τρίαδος
470 3271 628 3360 άριδμόν.
672 3275 881 3361 τριπλεύρων
905 3277 943 3344 δέ
964 3279 1020 3345 καί
1042 3303 1158 3364 τετρα-

141 3381 295 3467 πλεύρων
328 3380 505 3466 ἐποιήσατο
537 3379 687 3466 μνήμην,
725 3379 840 3468 έπειδὴ
878 3387 1049 3470 προσεχως
1079 3385 1159 3472 περὶ

141 3486 271 3555 τούτων
294 3488 331 3553 έυ
353 3490 399 3577 τῷ
422 3487 543 3578 πράτρι
568 3485 834 3574 διαλεχθήσεται.
875 3485 926 3556 ότι
950 3488 987 3556 δὲ
1009 3491 1048 3557 τὸ
1068 3486 1159 3558 εὐθὺ

142 3592 296 3680 προόδου
329 3591 500 3680 σύμβολόν
532 3595 601 3660 ἐστι
633 3593 689 3659 καί
719 3594 881 3680 κινήσεως
911 3595 967 3661 καί
994 3592 1159 3682 άπειρίας,

215 3830 240 3879 λ.
260 3819 390 3894 εύθείας]
413 3817 526 3878 εύδεὶα.
598 3829 641 3878 24.
660 3819 806 3893 χιτνιάζεί.
