2414 4236
223 471 379 524 scnomA
397 474 436 524 m
454 472 729 524 Εουυοανοιιυιι
747 473 885 525 mmm
899 474 946 527 m
1025 471 1090 537 401

76 608 247 699 άριθμούς
270 610 562 692 πολλαπλασιάσας
584 616 664 702 ποιῇ
683 639 787 697 τινας,
812 615 846 680 οδ
862 614 1038 700 γενόμενοι
1058 616 1091 695 ἐξ

76 717 190 786 αὐτοῖν
209 716 271 786 τὸν
287 716 392 786 αὐτὸν
411 717 516 804 λόγον
531 724 643 806 ἔχουσι
662 732 733 799 τοῖς
751 719 1090 790 πολλαπλασιάσασιν.

76 821 94 893 6
120 822 184 912 γάρ
205 833 237 892 Α
260 823 406 911 άριδμὸς
429 824 551 893 ἑαυτόν
574 852 609 893 τε
631 826 686 893 καὶ
708 824 769 895 τὸν
788 832 817 893 Β
840 826 903 894 δύο
922 823 1091 914 ἀριθμοὺς

74 934 369 1011 πολλαπλασιάσας
391 945 482 1000 ποιεῖ
501 930 562 1000 τόν
586 958 620 999 τε
642 940 671 1000 Β
695 924 739 1000 αὖ
761 933 817 1000 καὶ
840 934 900 1000 τὸν
924 938 960 1000 Γ.
1006 930 1090 1003 ὥστε

74 1040 111 1106 οδ
123 1044 162 1122 Β,
178 1042 210 1105 Γ
228 1036 288 1106 τὸν
307 1035 413 1106 αὐτὸν
432 1036 537 1123 λόγον
556 1039 667 1120 ἕξουσι
690 1053 761 1119 τοῖς
777 1037 1088 1109 πολλαπλασιάσασι
1126 1061 1143 1113 δ

74 1157 145 1224 τοῖς
168 1154 211 1229 A,
235 1151 263 1211 Β
287 1142 430 1230 δηλαδή·
459 1142 541 1232 ὅπερ
564 1148 632 1213 ἔδει
655 1146 769 1225 δεῖξαι.

446 1341 502 1407 Ad
525 1364 630 1427 prop.
652 1341 725 1408 VII.

147 1466 195 1530 10.
227 1459 273 1529 Ἡ
291 1459 459 1543 ἀπόδειξις
481 1461 604 1531 τούτου
626 1467 689 1532 τοῦ
715 1462 935 1552 θεωρήματος
962 1465 1089 1533 ἐκτῶν

74 1567 189 1655 άρχοδν
211 1569 267 1637 καὶ
290 1567 405 1655 μόνων
430 1568 519 1636 ἐστὶν
542 1567 617 1655 ἤτοι
641 1571 768 1638 ἐκτῶν
793 1566 883 1657 ὅρων
906 1573 974 1638 τῶν
993 1567 1090 1658 άριδ-

74 1679 231 1762 μητικεδυ.
1111 1698 1145 1749 10

436 1766 492 1832 Ad
516 1788 621 1851 prop.
643 1766 734 1832 VIII.

143 1894 194 1956 11.
232 1890 349 1973 Δῆλον
373 1890 409 1956 ἐκ
431 1890 553 1973 τάνδε,
582 1886 638 1955 διδι
663 1890 698 1954 τί
717 1889 754 1956 ἐν
775 1891 816 1977 τῇ
837 1885 962 1977 Ἰνδικῇ
984 1886 1087 1980 ψήφῳ

72 1997 111 2062 ἐν
139 2005 210 2071 ταῖς
237 1996 306 2059 τῶν
332 1996 487 2079 πλευρῶν
513 1997 582 2063 τῶν
609 1993 829 2082 τετραγώνων
856 1993 998 2081 λήψεσιν
1021 1990 1087 2062 άνά

73 2103 209 2183 μείζονα
231 2096 269 2165 τὸ
297 2102 440 2184 γίνεται,
473 2096 515 2167 οὐ
542 2104 684 2187 γίνεται,
717 2105 860 2186 γίνεται,
891 2098 933 2169 οὐ
959 2106 1088 2187 γίνεται

74 2202 226 2288 λέγομεν,
247 2206 332 2271 διότι
351 2202 373 2291 ἥ
391 2231 425 2272 τε
444 2205 550 2291 μονάς
566 2205 774 2293 τετράγωνός
788 2207 856 2274 ἐστι
872 2207 928 2273 καὶ
943 2204 961 2274 6
975 2212 1086 2294 τρίτος
1107 2229 1140 2280 15

73 2305 131 2377 ἀπ’
159 2306 263 2395 αὐτῆς
294 2310 349 2377 καὶ
382 2308 400 2378 6
429 2309 530 2380 πάλιν
558 2318 668 2400 τρίτος
696 2309 766 2400 μετ’
793 2310 898 2380 αὐτὸν
925 2312 981 2380 καὶ
1006 2313 1089 2399 ἑξῆς.

73 2417 159 2485 ὥστε
183 2413 265 2484 ὅταν
288 2418 452 2504 λέγωμεν,
481 2415 532 2487 δτι
554 2424 697 2505 γίνεται,
726 2416 768 2488 οὐ
791 2423 933 2506 γίνεται,
961 2423 1089 2503 γίνεται

73 2522 216 2609 δυνάμει
239 2522 391 2610 λέγομεν,
416 2522 466 2592 ὅτι
486 2526 523 2593 ἐν
540 2528 581 2614 τῇ
600 2523 714 2613 πράτρ
736 2523 829 2615 χάρα
847 2529 974 2611 γίνεται
992 2521 1013 2610 ἢ
1033 2525 1089 2591 καὶ

71 2634 142 2698 ἔστι
175 2627 396 2716 τετράγωνος,
429 2632 466 2700 ἐν
499 2630 537 2700 δδ
564 2635 603 2721 τῇ
635 2631 775 2721 δευτέρᾳ
805 2630 1013 2719 τετράγωνος
1046 2627 1087 2698 οὐ

70 2743 214 2822 γίνεται,
247 2736 285 2802 ἐν
315 2734 353 2804 δὲ
384 2738 424 2824 τῇ
455 2741 550 2824 τρίτῃ
578 2740 720 2822 γίνεται,
751 2736 808 2804 καὶ
836 2735 910 2823 ἑξῆς
937 2735 990 2804 ἐπὶ
1017 2737 1085 2804 τῶν
1104 2758 1140 2809 20

72 2838 195 2908 ἄλλων.
244 2842 281 2908 ἐν
315 2841 352 2908 δὲ
384 2854 457 2921 ταῖς
487 2844 556 2910 τῶν
582 2841 697 2928 κύβων
724 2849 882 2930 πλευραῖς
909 2839 995 2924 ἅπαξ
1023 2842 1085 2929 μὲν

71 2949 213 3035 λέγομεν
231 2944 264 3015 τά
288 2952 428 3034 γίνεται,
448 2948 500 3028 δὶς
519 2947 557 3016 δὲ
574 2947 611 3017 τὸ
632 2947 674 3016 οὐ
692 2954 830 3034 γίνεται,
854 2941 929 3017 οἷον
947 2954 1088 3035 γίνεται,

72 3049 114 3121 οὐ
131 3059 270 3141 γίνεται,
291 3053 332 3123 οὐ
350 3060 489 3141 γίνεται,
512 3059 652 3140 γίνεται,
671 3052 712 3123 οὐ
731 3060 869 3141 γίνεται,
893 3051 935 3122 οὐ
948 3060 1088 3140 γίνεται,

70 3157 158 3228 διότι
176 3157 199 3246 ἦ
217 3186 252 3229 τε
271 3158 377 3248 μονὰς
394 3158 497 3247 κύβος
516 3162 599 3228 ἐστί·
621 3171 684 3241 πᾶς
701 3159 765 3248 γάρ
783 3156 929 3248 ἀριθμὸς
943 3157 964 3247 ἡ
979 3162 1088 3248 μονάς

71 3265 139 3333 ἐστι
168 3266 322 3353 δυνάμει·
359 3268 415 3334 καὶ
443 3263 461 3334 6
490 3264 524 3333 δ’
547 3263 604 3334 ἀπ’
631 3264 733 3353 αὐτῆς
759 3265 862 3352 κύβος
889 3267 945 3334 καὶ
968 3265 987 3336 6
1012 3266 1082 3355 μετ’
1104 3287 1140 3339 κδ

69 3369 175 3440 αὐτὸν
197 3375 298 3441 πάλιν
320 3376 483 3458 τέταρτος.
530 3377 636 3460 δῆλον
663 3371 706 3460 δὴ
735 3378 806 3459 καί,
835 3375 922 3441 διότι
950 3377 998 3453 εἰς
1024 3372 1087 3442 τὸν

69 3476 177 3564 κύβον
201 3477 286 3560 ἅπαξ
309 3479 347 3548 τὸ
371 3485 498 3566 γίνεται
521 3479 672 3566 λέγομεν,
697 3479 749 3560 δὶς
768 3479 805 3547 δὲ
823 3477 860 3547 τὸ
881 3475 923 3548 οὐ
945 3484 1084 3565 γίνεται.

143 3626 183 3675 ιο.
204 3619 251 3675 νε.
327 3627 368 3677 11.
389 3621 508 3691 νινε).

143 3716 269 3818 λιι-ποιῇ]
293 3750 390 3801 notet?
410 3744 442 3799 V.
535 3752 577 3801 14.
600 3745 728 3818 μείζονα]
751 3746 798 3800 uel
815 3748 945 3816 μείζονος
965 3744 1004 3814 V;
1029 3763 1085 3802 ser.

69 3810 183 3885 ἀναμίξ.
257 3822 300 3872 27.
319 3818 375 3888 δίς]
394 3819 452 3886 τρίς
471 3815 532 3875 VP.

117 3914 269 3967 Eucliden,
282 3915 332 3956 odd.
347 3915 453 3971 Ηολδοιτ
466 3921 490 3961 ot
503 3919 598 3975 Moneo.
616 3920 648 3965 V.
903 3912 946 3962 Ἃ
