2414 4236
137 527 225 586 CVIII
422 532 698 588 Pnohmoiimsh
716 535 868 588 omncs.

138 687 164 724 n.
180 670 365 726 Hsilbronner
380 671 445 727 hist.
456 672 544 730 math.
554 693 581 745 p.
593 678 656 746 166)
671 676 765 732 16166
778 674 927 748 recepisse.
945 675 1154 747 propositiones

139 750 213 803 solas
237 748 337 819 habet,
366 751 472 807 additis
495 753 610 809 scholiis
633 771 707 825 6666
733 758 817 812 uocat
839 754 993 824 nonnullis,
1022 755 1154 813 laelii

137 844 164 898 p.
184 834 246 909 222,
266 835 350 899 tlsq.;
378 848 406 901 p.
426 837 487 902 666,
508 836 611 901 1666.;
639 833 679 889 1v
697 852 725 905 p.
748 840 813 904 666,
835 842 936 906 itaq.;
964 835 991 890 V
1008 852 1036 906 p.
1055 841 1099 902 28,
1120 840 1152 889 17

139 914 616 980 -66666-66

209 988 333 1044 Euclidis
358 989 519 1060 quindecim
543 990 950 1052 11666616161611666611166
975 993 1096 1065 primum
1119 1011 1154 1049 61

138 1065 260 1122 Theonis
275 1070 481 1125 commentariis
493 1069 600 1126 Graece
614 1071 645 1125 et
658 1072 767 1130 Latine.
792 1076 841 1132 661
851 1076 1030 1133 accesserunt
1038 1073 1154 1130 Scholia

216 1150 334 1203 authore
362 1149 491 1203 Cnnredo
515 1148 677 1220 Dasypodio
704 1151 824 1210 86116166
847 1153 1062 1227 Argentinensis
1088 1169 1153 1225 pro·

138 1224 251 1283 1666616.
289 1226 470 1298 Argentorati
490 1232 560 1282 1661
577 1229 710 1299 (repetita
729 1250 793 1288 oum
811 1235 921 1292 Herone
939 1233 1064 1291 1111610
1082 1231 1151 1302 6166,

138 1311 170 1363 61
188 1309 216 1362 16
231 1308 295 1364 61116
310 1307 516 1376 exemplaribus
530 1306 582 1376 est,
603 1312 692 1380 1671).
721 1328 756 1368 61
769 1315 858 1385 praei.
873 1315 917 1371 ed.
935 1314 1036 1387 prioris
1055 1314 1154 1384 „annis

137 1387 239 1456 viginti
252 1405 300 1441 sex
313 1384 404 1441 nostri
417 1382 563 1454 Gymnasii
577 1392 749 1448 consuetudo
763 1392 826 1464 fuir,
843 1396 885 1464 ut,
903 1394 953 1463 qui
968 1411 1002 1449 61
1015 1391 1152 1450 elassibus

138 1468 174 1519 ad
194 1464 323 1535 publicas
340 1462 478 1519 lectiones
502 1470 715 1540 promerentur,
744 1474 866 1545 primurn
890 1473 1010 1531 audiant
1027 1471 1153 1529 Euolidis

138 1543 242 1598 librum
261 1541 372 1599 ..fui
395 1543 425 1598 61
448 1559 501 1614 ego
524 1560 636 1613 quoque
663 1553 761 1608 666116
784 1552 977 1624 'l'ypographc
1000 1556 1102 1608 author
1124 1556 1154 1607 61

141 1638 246 1692 suasor,
261 1626 302 1691 61,
317 1639 380 1678 666
391 1621 469 1678 nulla
479 1621 600 1692 amplius
610 1628 742 1685 extarent
748 1630 928 1702 exemplaris,
943 1631 1153 1687 hunolibellom

137 1704 325 1773 imprimeret,
353 1718 388 1757 ne
411 1702 486 1757 bona
508 1705 539 1757 et
555 1703 701 1763 fructuosa
719 1710 833 1767 scholae
851 1714 965 1767 nostrae
984 1710 1150 1765 constitutio

138 1786 345 1840 intercideret‘t
375 1783 510 1853 6161661.
526 1780 642 1840 61161166
661 1788 730 1857 „sed
749 1794 779 1846 61
797 1792 871 1847 huno
887 1791 1010 1860 primum
1024 1788 1153 1844 Elemen-

138 1868 231 1919 torum
250 1862 376 1917 Enelidis
400 1861 503 1916 librum
528 1861 558 1915 16
581 1860 674 1921 16666
696 1886 771 1924 nunc
793 1869 860 1939 edo,
888 1884 953 1924 cum
974 1870 1090 1939 propter
1108 1884 1151 1937 ea,

137 1959 209 2012 6666
228 1946 293 1998 anto
319 1940 499 2009 6116111016,
526 1942 587 1995 lum
610 1946 698 2002 etiam
721 1949 796 2018 quod
819 1947 867 2004 hio
885 1947 1062 2021 potissimum
1081 1949 1155 2004 liber

137 2031 167 2085 16
187 2029 316 2086 omnibus
335 2030 394 2084 1616
410 2027 569 2098 Gymnasiis
587 2027 776 2099 praelegatur,
794 2029 824 2084 in
843 2030 944 2086 nostris
964 2047 1029 2085 vero
1048 2030 1152 2086 scholis

140 2109 186 2179 iis,
206 2110 302 2179 quiin
322 2107 415 2180 prima
434 2110 501 2164 6661
519 2107 606 2178 curio,
625 2112 825 2180 proponatur“.

211 2190 336 2245 Euclidis
354 2188 517 2259 qvindeeIm
535 2188 932 2246 6166661616611666611166
952 2190 1105 2244 66666166
1120 2208 1153 2244 61

140 2269 263 2324 Theonis
287 2267 498 2324 commentariis
522 2266 629 2322 Graece
654 2270 684 2322 61
706 2267 806 2324 latins
827 2269 1153 2340 ...6606661166-

137 2349 254 2419 podium
360 2350 540 2417 Argentorat.
566 2352 636 2401 1664
664 2349 744 2415 (6616
772 2347 945 2419 Barlaamo).
1002 2366 1035 2404 ex
1063 2349 1151 2418 praei,

138 2429 281 2498 „mihique
300 2427 369 2482 satis
388 2428 442 2482 6111
457 2426 545 2483 ...16
560 2426 749 2482 studiosorum
765 2429 887 2498 gratiam
902 2430 1010 2499 aliquid
1023 2428 1151 2483 iecisset

209 2508 420 2577 Propositiones
452 2504 624 2575 reliquorum
656 2506 792 2562 librorum
820 2509 998 2565 Geometriae
1025 2508 1151 2563 Euclidis

138 2588 244 2642 Graece
258 2591 287 2640 et
301 2585 401 2640 Latine
420 2586 451 2639 16
469 2601 552 2638 6666
566 2600 670 2653 66166,
689 2585 738 2656 661
751 2586 894 2642 volumine
908 2587 1032 2643 Euclidis
1047 2589 1151 2643 carent.

138 2664 191 2719 Per
214 2663 295 2719 Cunr.
315 2664 516 2734 Dasypodium.
557 2664 736 2732 Argentorat.
764 2671 841 2721 1661.
879 2682 914 2721 61
936 2667 1023 2735 praei.
1047 2684 1152 2735 „qnare

137 2744 217 2800 utin
241 2745 350 2799 duobus
373 2743 513 2813 prioribus
535 2742 653 2812 libellis,
682 2762 752 2814 quos
774 2748 804 2800 in
830 2746 923 2800 lucrm
945 2743 1035 2815 edidi,
1064 2747 1152 2798 bonos

138 2825 329 2880 adolescentes
345 2824 511 2879 adhortatus
526 2823 639 2878 eumad
653 2825 779 2881 stodiam
793 2825 980 2891 Geometriae,
1000 2823 1041 2877 ita
1055 2824 1152 2878 611166

137 2903 247 2958 161666
266 2905 371 2959 faciam
471 2919 567 2959 verum
587 2921 623 2958 ne
642 2903 771 2960 hortator
789 2903 896 2971 solnm,
920 2903 969 2958 sed
993 2904 1023 2957 61
1040 2903 1152 2958 adiutor

137 3000 235 3052 essem,
256 2982 380 3039 1616116
399 2983 521 3054 gratiam
541 2984 732 3039 studiosorum
750 2981 960 3054 propositiones
980 2983 1152 3051 reliquorum

137 3062 263 3118 Euclidis
283 3062 418 3119 librorum
445 3063 550 3118 Graece
578 3067 608 3118 et
630 3063 731 3119 Latine
754 3061 850 3128 61616,
878 3076 911 3116 66
935 3076 1002 3115 sane
1026 3062 1152 3130 consilio,

138 3144 213 3211 quod
237 3144 405 3213 cogitarem,
429 3141 593 3196 mutilatum
616 3142 762 3213 quippiam
785 3155 860 3207 6666,
884 3139 908 3194 61
931 3139 1038 3211 primus
1062 3144 1091 3195 et
1110 3159 1151 3195 se·

137 3225 243 3279 candus
262 3223 463 3276 libertandum
482 3218 691 3290 imprimeretur
709 3261 789 3277 .....
807 3234 921 3275 necesse
936 3222 988 3288 est,
1007 3222 1040 3275 ut
1053 3222 1151 3276 eadem

136 3301 278 3372 frequenti
292 3299 414 3355 lectione
430 3298 483 3354 sibi
497 3300 616 3369 quisque
630 3300 719 3356 iaciat
732 3300 898 3366 familiaria3
916 3299 1069 3356 molestum
1085 3318 1151 3356 vero

137 3384 181 3434 est
198 3382 341 3450 integrum
360 3377 486 3434 Euclidis
504 3379 636 3435 1616666
659 3383 795 3451 perpetuo
814 3381 880 3435 hinc
902 3381 932 3435 et
950 3379 1015 3435 inde
1034 3378 1151 3435 circum·

137 3459 221 3527 ferrer
250 3458 409 3515 arbitrabar
431 3458 533 3529 igitur,
556 3459 580 3512 si
603 3460 633 3514 in
656 3460 784 3515 libellum
809 3458 984 3530 redigeretur
1006 3460 1150 3526 minorem,

137 3538 311 3593 commodius
336 3553 397 3593 esse
422 3538 551 3593 omnibns
575 3539 747 3607 geometriae
770 3538 904 3595 studiosis
921 3539 991 3594 haec
1008 3539 1153 3609 percipere

137 3618 302 3672 elementa.“

208 3697 259 3751 has
278 3712 376 3750 omnes
395 3695 535 3752 editiones
554 3712 570 3751 e
588 3694 745 3752 Basileensi
763 3699 900 3768 pendere,
919 3697 1038 3767 adparet
1056 3712 1089 3750 61
1109 3713 1150 3750 61-

141 3776 251 3830 roribus
267 3775 445 3844 quibusdam,
464 3775 522 3843 qni,
536 3778 568 3830 61
582 3776 708 3831 ostendit
725 3776 842 3832 collatio
857 3775 962 3833 codicis
976 3775 1076 3831 Ueneti
1090 3781 1152 3843 3111,

132 3857 166 3907 in
187 3856 229 3910 ed,
246 3854 381 3926 principe
400 3853 542 3910 commissi
561 3855 628 3909 6661
649 3870 668 3909 a
685 3854 884 3926 typographis,
912 3855 1013 3926 61661
1040 3856 1069 3912 16
1096 3855 1153 3911 illis
