2414 4236
124 504 190 570 104
275 505 434 559 sellom
450 506 491 561 m
508 506 786 561 ammom
802 504 979 563 maun

124 646 231 726 εὐθὺς
262 672 301 715 το
332 648 537 735 ἰσόπλευρον
567 643 658 739 αύτῷ
690 651 793 735 δηλοδ
820 646 878 717 καί
909 636 1144 735 όρθομύνιον.

124 752 225 839 λόγος
247 757 286 821 δὲ
306 768 430 822 τουτον
456 749 529 823 ὅδε·
569 752 679 841 μόνον
703 752 743 823 τδ
768 750 982 843 τετράγωνον
1011 756 1145 843 χωρίον

124 859 180 927 καὶ
202 885 286 928 κατα
308 859 368 939 τὰς
389 858 535 947 πλευρὰς
556 864 624 947 ἔχει
649 857 689 928 τδ
716 858 857 946 ἀριστον
883 859 941 927 καί
966 856 1052 928 κατὰ
1079 854 1146 939 τὰς

125 970 264 1053 γωνίας·
285 967 406 1053 ἑκάστη
425 965 490 1055 γάρ
508 963 621 1034 αύτῶν
639 962 730 1055 όρθή
749 962 897 1035 ἐστιντὸ
914 966 1039 1055 μότρον
1056 962 1142 1033 ἀπο-

89 1077 277 1158 ελαβοῦσα
301 1076 372 1141 τῶν
398 1074 535 1158 γωνιῶν
563 1071 602 1140 τδ
630 1069 712 1159 μήτε
739 1072 892 1141 ἐπίτασιν
907 1069 995 1160 Ι’μήτε
1017 1068 1143 1139 ἀνεσιν

125 1178 371 1266 ἐπιδεχόμενον.
388 1176 461 1247 κατ’
472 1176 646 1267 ἀμφότερα
660 1168 1146 1265 οάνπλεονεκτούσηςείκότως

125 1291 220 1374 ἔσχεν
238 1285 301 1374 τὴν
319 1283 439 1372 κοινὴν
457 1286 662 1372 ἐπωνυμίαν.
695 1282 735 1353 τὸ
752 1282 792 1353 δί
802 1290 972 1373 τρίγωνον
983 1278 1051 1352 κάν
1064 1290 1144 1365 luae

125 1397 182 1481 ἔχη
201 1390 261 1472 τὰς
278 1398 414 1478 γωνίας,
431 1389 517 1461 ἀλλά
535 1388 644 1474 ὀξείας
655 1390 775 1477 πάσας,
793 1390 851 1459 καί
861 1388 902 1459 τὸ
919 1387 1142 1477 πεντάγωνον

125 1497 285 1586 ἀμβλείας
306 1498 422 1578 πάσας.
464 1496 600 1579 εἰκότως
625 1495 693 1587 ἀρα
713 1494 753 1566 τό
773 1494 987 1584 τετράγωνον
1009 1494 1144 1583 ἰσότητι

74 1623 107 1672 10
124 1610 278 1691 πλευρῶν
293 1606 348 1673 καί
365 1601 526 1693 ὀρθότητι
539 1606 675 1691 γωνιῶν
688 1600 1018 1691 συμπεπληρωμίνον
1029 1599 1146 1689 μόνον

125 1712 162 1779 ίκ
198 1710 335 1779 πάντων
370 1709 624 1795 τετραπλεύρων
663 1708 785 1797 ταύτης
818 1718 879 1796 τῆς
911 1712 1144 1797 προσηγορίας

127 1822 255 1903 ἔτυχεν·
291 1829 362 1896 τοῖς
384 1816 449 1903 γὰρ
471 1813 672 1905 ὑπερέχουσι
693 1820 762 1885 τῶν
785 1818 889 1884 εἰδῶν
910 1813 1034 1885 τὸτοῦ
1056 1812 1145 1885 ’όλον

126 1920 286 2002 πολλάκις
321 1925 561 2008 ἰπιφημίζομεν
597 1919 715 2009 ὄνομα.
775 1926 869 1991 δοκεί
901 1920 940 1990 δὲ
973 1922 1032 1990 καί
1069 1932 1145 2001 τοῖς

126 2033 379 2114 Πυθαγορείοις
405 2038 505 2096 τοῦτο
533 2027 763 2114 διαφερόντως
788 2039 859 2097 τῶν
887 2025 1145 2117 τετραπλεύρων

75 2151 108 2200 1ο
127 2133 243 2203 εἰκόνα
266 2134 383 2221 φέρειν
404 2138 463 2220 τῆς
485 2139 582 2214 θείας
600 2130 730 2214 οὐσίας·
753 2133 817 2220 τήν
834 2161 869 2203 τε
886 2133 951 2221 γάρ
970 2132 1145 2222 ἀχραντον

127 2240 221 2322 τάξιν
245 2239 302 2309 διά
324 2241 447 2310 τούτου
469 2240 612 2329 μάλιστα
635 2246 872 2328 σημαίνουσιν·
900 2238 923 2328 ἣ
945 2266 980 2309 τε
1002 2239 1067 2327 γάρ
1086 2237 1145 2328 ἀρ-

127 2347 231 2435 θότης
253 2347 291 2417 τὸ
315 2347 453 2419 ἀκλιτον
475 2348 531 2416 καί
554 2346 575 2434 ἡ
600 2347 713 2434 ἰσότης
735 2344 797 2434 τὴν
820 2346 966 2435 μόνιμον
991 2348 1145 2433 δύναμιν

127 2454 352 2543 ἀπομιμεῖται·
388 2460 520 2541 κίνησις
541 2451 607 2540 γάρ
629 2451 827 2540 ἀνισότητος
850 2458 1002 2541 ἔκγονος,
1026 2451 1147 2533 στάσις

128 2561 165 2628 δὲ
189 2561 349 2647 ἰσότητος.
388 2565 424 2629 οἰ
443 2567 562 2630 τοίνυν
585 2571 644 2646 τῆς
668 2564 835 2647 σταθερόις
857 2561 1021 2649 ἰδρύσεως
1039 2570 1145 2630 αἰτιοι

74 2683 109 2732 20
127 2680 198 2743 τοῖς
225 2666 317 2744 ὅλοις
342 2667 398 2732 καί
425 2670 484 2752 τῆς
510 2664 679 2753 ἀχράντου
709 2670 765 2735 καί
796 2668 935 2736 ἀκλίτου
966 2667 1146 2754 δυνάμεως

128 2769 263 2850 εἰκότως
282 2770 338 2838 διά
356 2776 418 2840 τοῦ
431 2777 677 2859 τετραγωνικοῦ
692 2773 859 2861 σχήματος
873 2770 918 2853 ῶς
936 2771 991 2840 ἀπ’
1010 2773 1146 2853 εἰκόνος

128 2880 357 2963 ἐμφαίνουσαι.
392 2878 449 2945 καί
467 2877 552 2965 πρὸς
569 2878 702 2959 τούτοις
720 2877 739 2948 ὁ
760 2879 927 2959 Φιλόλαος
943 2877 1016 2947 κατ’
1034 2878 1145 2965 ἀλλην

128 2982 288 3070 ἐπιβολὴν
297 2982 359 3070 τὴν
369 2985 653 3072 τούτετραγῶνου
661 2984 889 3071 γωνίανῬέας
897 2985 1146 3071 καίΔήμητρος

127 3091 184 3157 καὶ
199 3087 330 3169 Ἑστίας
343 3088 513 3159 ἀποκαλεῖ.
541 3091 629 3160 διότι
643 3091 708 3178 γὰρ
721 3090 784 3178 τὴν
798 3096 863 3178 γῆν
876 3090 914 3160 τὸ
929 3090 1144 3178 τετράγωνον

74 3218 109 3267 εσ
128 3192 320 3284 ἀφίστησιν,
339 3198 395 3265 καί
408 3196 576 3285 στοιχεῖόν
590 3200 680 3266 ἐστιν
696 3197 800 3284 αὐτῆς
809 3198 977 3285 προσεχές,
993 3194 1038 3276 ῶς
1051 3195 1145 3284 παρά

128 3308 190 3371 τοῦ
214 3309 357 3391 Τιμαίου
375 3303 628 3391 μεμαθήκαμεν,
647 3300 713 3372 ἀπὸ
733 3303 771 3372 δὲ
789 3309 907 3373 πασῶν
925 3302 1054 3371 τούτων
1073 3312 1145 3370 τῶν

128 3413 279 3477 θεαινῶν
293 3406 477 3495 ἀπορροίας
491 3406 511 3496 ἡ
526 3412 568 3495 γῆ
583 3412 712 3496 δέχεται
725 3411 782 3477 καί
796 3417 958 3496 γονίμους
972 3408 1146 3495 δυνάμεις,

129 3514 264 3592 εἰκότως
286 3512 348 3601 τὴν
371 3518 433 3582 τοῦ
458 3514 672 3601 τετραγώνου
698 3521 827 3642 γωνίαν
853 3512 978 3602 ἀνῆκεν
1005 3515 1145 3596 ταύταις

128 3633 200 3697 ταῖς
229 3617 408 3704 ζωογόνοις
435 3630 541 3699 θεαῖς.
587 3620 644 3687 καί
672 3618 737 3706 γάρ
754 3617 891 3688 Εστίαν
914 3625 1056 3689 καλοῦσι
1078 3618 1144 3707 τὴν

128 3738 206 3747 ...-
224 3738 281 3745 --α-
293 3738 340 3745 ...-

200 3784 225 3831 6.
245 3773 465 3847 ἐπιδεχομένου,
484 3778 535 3833 ned
554 3794 623 3834 corr.
690 3784 732 3834 10
751 3778 1043 3866 συμπεπληρωμένων.
1100 3786 1145 3836 14.

126 3852 217 3903 Πυθα
218 3850 331 3917 γορίοις.
406 3855 446 3905 16.
466 3845 580 3921 τούτου]
599 3850 657 3905 τοῦ.
734 3856 775 3905 18.
795 3847 928 3921 κινήσεις.
