2414 4236
138 519 202 583 138
289 521 446 573 scnom
463 524 502 575 m
519 522 795 575 ammom
811 520 986 575 mmm

135 659 220 746 πρός
240 686 277 730 τε
300 659 364 749 γάρ
392 660 534 731 εὐθεῖάν
559 665 652 731 ἐστιν
677 660 700 748 ή
726 660 856 751 ἀγωγή,
881 656 926 748 ἣν
951 664 1152 747 προτίθεται

135 764 287 854 ἀγαγεῖν,
311 769 367 836 καὶ
389 766 436 849 ἀς
457 772 497 837 έν
517 769 569 838 ἕνλ
591 770 736 860 ἐπιαέδφ
757 768 896 837 πάντων
916 765 1152 854 ὐκοκειμέναν

136 870 154 939 ὁ
179 872 279 960 λόγος
301 876 462 961 πρόεισιν.
504 875 558 944 ἐπὶ
585 878 649 961 μὲν
671 866 736 943 οὐν
757 878 820 943 τοῦ
842 873 892 943 ια’
913 871 1153 963 προβλήματος

136 979 187 1046 ἐπὶ
215 984 274 1065 τῆς
302 979 437 1061 εὐθείας
464 985 522 1068 τῆς
544 980 628 1069 πρὸς
655 980 766 1070 ὀρθάς
791 986 932 1068 γωνίας,
963 976 1079 1066 ἐπειδή
1112 976 1152 1049 τὸ

100 1114 116 1161 ⁶
136 1099 275 1171 σημεῖον
299 1087 349 1155 ἐπ’
371 1085 475 1173 αὐτῆς
496 1095 631 1174 είληπτο
653 1091 713 1175 τῆς
730 1086 877 1173 εὐθείας,
899 1085 1003 1156 οὐδέν
1020 1084 1151 1172 ἐδεήθη

134 1196 193 1277 τῆς
210 1188 372 1280 ἀπειρίας,
391 1195 540 1261 ἐνταῦθα
557 1193 594 1261 δὲ
609 1194 663 1262 ἐπὶ
674 1204 734 1280 τῆς
745 1195 895 1263 καθέτου
906 1191 969 1281 τήν
982 1197 1151 1261 δοθεῖσαν

135 1296 275 1385 ἀκειρον
297 1297 506 1385 ὑποτίθεται,
529 1299 642 1387 ἐπειδή
665 1298 705 1370 τὸ
729 1312 879 1387 σημείου,
902 1297 963 1387 ἀφ’
984 1289 1027 1368 οὐ
1048 1294 1071 1385 ή
1089 1300 1149 1367 κά·

135 1412 234 1484 θετος
255 1403 451 1492 ἀχθήσεται,
474 1408 537 1487 ἐξα
559 1432 626 1474 που
648 1420 754 1475 κεῖται
775 1410 836 1494 τῆς
857 1405 1002 1485 εὐθείας.
1037 1403 1096 1472 καλ
1119 1408 1153 1473 εί

135 1509 180 1596 μὴ
203 1503 246 1596 ἦν
269 1508 420 1597 ἀπειρος,
448 1512 525 1597 ἐξῆν
550 1508 657 1590 οὕτως
678 1509 717 1580 τὸ
740 1523 881 1598 σημείου
902 1516 1037 1596 λαβεῖν,
1063 1506 1151 1578 ὥστε

84 1643 117 1693 10
136 1620 196 1696 ἔξω
220 1616 282 1703 μέν
305 1614 392 1684 εἶναι
413 1620 474 1703 τῆς
500 1620 661 1703 δοθείσης
686 1616 838 1700 εὐθείας,
869 1614 920 1684 ἐπ’
946 1613 1084 1695 εὐθείας
1112 1614 1151 1685 δδ

134 1722 238 1810 ταύτῃ
265 1732 415 1807 κεῖσθαι,
447 1720 532 1791 ὥστε
563 1724 812 1810 ἐκβαλλομένην
837 1721 900 1809 τήν
927 1719 1068 1791 εὐθεῖαν
1095 1718 1148 1789 ἐα’

135 1826 216 1895 αὐτὸ
245 1834 393 1913 πίπτειν,
424 1828 481 1895 καὶ
512 1826 554 1896 οὐ
580 1828 764 1917 προεχύρει
790 1827 829 1899 τὸ
856 1830 1041 1915 πρόβλημα
1091 1826 1151 1895 διὰ

135 1938 234 2002 τοῦτο
258 1932 398 2020 ἀπειρον
422 1940 518 2003 ἐθετο
541 1932 603 2021 τήν
626 1933 774 2004 εὐθεῖαν.
815 1934 929 2021 ἐπειδὴ
953 1935 991 2003 δέ
1012 1932 1151 2017 εὐθείας

136 2039 277 2125 ἀπείρου
296 2036 399 2125 ούσης
416 2038 547 2127 ἀνάγκη
565 2042 621 2109 καὶ
640 2044 799 2110 ἐπίπεδον
816 2041 957 2129 ἄπειρον
970 2038 1068 2125 εἶναι,
1092 2038 1147 2128 ἐφ’

83 2173 117 2221 15
136 2137 179 2213 οὗ
202 2145 222 2232 ή
246 2143 363 2214 εὐθεῖα
386 2144 584 2234 ἀχθήσεται,
617 2149 653 2216 έν
684 2149 721 2216 δὲ
748 2162 818 2227 τοῖς
845 2152 1021 2235 αἰσθητοῖς
1044 2146 1150 2217 οὐδέν

136 2255 204 2321 ἐστι
227 2255 369 2339 μέγεθος
391 2252 531 2341 ἀπειρον
549 2253 622 2321 κατ’
644 2251 806 2341 οὐδεμίαν
826 2254 1012 2338 διάστασιν,
1035 2253 1150 2341 ὥσπερ

135 2357 153 2427 ὁ
178 2359 353 2446 δαιμόνιος
373 2358 598 2446 Ἀριστοτέλης
620 2361 675 2427 καὶ
699 2364 735 2428 οί
755 2359 813 2427 ἀπ’
840 2358 944 2429 αὐτοῦ
967 2359 1029 2447 τήν
1053 2369 1150 2447 φιλο-

135 2472 259 2552 σοφίαν
288 2466 460 2553 δεξάμενοι
494 2466 723 2535 δεικνύουσιν·
765 2465 842 2535 οὐτε
869 2465 934 2554 γάρ
965 2467 1003 2535 τὸ
1035 2468 1150 2558 κύκλςο

134 2573 336 2658 κινούμενον
364 2570 504 2657 ἀπειρον
532 2570 620 2640 εἶναι
649 2575 815 2659 ἐνδέχεται
844 2572 922 2641 οὐτε
944 2584 1012 2642 τῶν
1035 2574 1151 2641 ἄλλων

81 2704 117 2753 20
135 2677 299 2764 σωμάτων
321 2686 388 2743 τῶν
412 2675 527 2744 ἁπλῶν
546 2676 661 2745 οὐδέν·
685 2677 842 2765 ἔστιγὰρ
866 2680 1024 2764 ἑκατέρου
1047 2680 1151 2758 τόπος

135 2782 331 2869 ὡρισμένος·
367 2788 512 2850 λείπεται
541 2775 604 2851 οὐν
632 2786 677 2852 ἐν.
691 2788 731 2873 τῇ
755 2791 925 2874 φαντασίᾳ
946 2783 983 2853 τὸ
1007 2783 1150 2872 ἀπειρον

134 2888 344 2976 ὑφίστασθαι
368 2885 409 2956 οὐ
432 2888 579 2974 νοούσης
598 2886 694 2957 αὐτό·
718 2888 787 2976 ἅμα
804 2891 869 2978 γὰρ
888 2895 933 2983 τῷ
953 2901 1074 2977 νοῆσαι
1094 2893 1150 2960 καὶ

134 2998 269 3084 μορφήν
294 2996 407 3083 ἐπάγει
430 3000 475 3087 τῷ
499 2996 673 3086 νοουμένῳ
696 2996 752 3064 καὶ
775 2999 876 3082 πέρας
898 2999 954 3065 καὶ
972 3000 1012 3086 τῇ
1032 2997 1149 3085 νοήσει

134 3103 195 3190 τὴν
222 3109 284 3173 τοῦ
312 3101 548 3189 φαντάσματος
581 3104 691 3188 ἵστησι
720 3104 875 3184 διέξοδον
906 3105 962 3171 καὶ
991 3106 1150 3186 διέξεισιν

81 3234 116 3284 25
135 3208 217 3278 αὐτὸ
241 3210 296 3277 καὶ
324 3206 579 3295 περιλαμβάνει,
614 3205 632 3276 ὅ
661 3213 742 3288 νοῦς
771 3210 811 3276 δέ
837 3212 905 3277 ἐστι
932 3209 970 3278 τὸ
999 3208 1150 3296 ἄπειρον.

134 3316 178 3402 μὴ
200 3315 346 3400 νοούσης
364 3320 482 3382 τοίνυν
501 3325 560 3401 τῆς
578 3321 763 3401 φαντασίας
780 3313 818 3382 τὸ
837 3315 1038 3403 νοούμενον,
1062 3314 1150 3385 ἀλλὰ

134 3418 416 3547 ἀορισταινούσης
438 3424 565 3507 μάλλον
589 3427 661 3506 καί,
689 3419 772 3489 ὅσον
801 3420 1069 3510 ἀκαιαμέτρητον
1093 3423 1150 3490 καὶ

206 3588 231 3634 3.
251 3570 303 3633 οὐν
337 3579 371 3645 Ρ,
391 3595 445 3634 om.
464 3579 514 3635 Vs
573 3586 598 3634 4
619 3581 679 3652 της]
699 3571 812 3649 (alt.)
791 3601 812 3634 ω
832 3580 870 3648 V,
894 3573 961 3649 ἦΡ.
1036 3588 1060 3636 7.
1080 3582 1151 3638 Post

135 3658 251 3738 σημεῖον
279 3650 342 3706 ad
368 3646 414 3705 ἐπ’
440 3646 529 3719 αὐτῆς
552 3654 666 3721 είληιιτο
695 3650 744 3705 Vs.
837 3659 878 3706 13.
907 3652 1007 3723 τοῦτο]
1031 3652 1148 3722 ιοιίρείς

134 3742 165 3777 το
187 3722 234 3776 V.f
310 3728 350 3777 14.
370 3723 435 3793 καί]
455 3739 471 3776 ε
490 3739 559 3779 corr
580 3723 612 3777 V.
690 3729 732 3776 λθ.
752 3717 787 3777 οὐ
807 3720 944 3794 νοούσης]
964 3724 1012 3778 cfr.
1033 3723 1149 3778 Procius

124 3813 160 3919 113.
180 3798 246 3917 235,
266 3798 290 3847 δ.
311 3870 372 3937 m
381 3799 428 3921 2160
449 3788 465 3847 δ
489 3799 558 3857 νοῦς
581 3798 611 3848 οι
633 3808 704 3862 quae
728 3798 896 3862 sequuntur,
924 3796 1068 3865 οοιιοριιις
1098 3796 1149 3850 cfr.

149 3880 247 3919 roem
262 3882 290 3935 p.
442 3880 483 3934 sq.
