2414 4236
201 471 358 523 scflom
375 472 414 523 m
432 471 708 525 ELEMENTORUM
726 472 865 525 ιωιιυιι
878 475 913 528 11.
1001 469 1065 535 257

120 616 173 681 91.
214 609 258 679 Τὸ
282 610 346 698 γὰρ
370 611 436 681 ἀπὸ
459 616 517 700 τῆς
541 619 602 681 ΓΒ
624 612 837 702 τετράγωνον
859 612 975 683 καὶτὸ
999 612 1065 683 ἀπὸ

51 724 113 808 τῆς
135 726 201 787 BA
229 725 285 786 ἴσοι
313 720 382 787 ἐστὶ
409 724 454 810 τῷ
477 745 512 788 τε
540 721 593 800 δὶς
619 720 842 811 περιεχομένῳ
866 717 1067 813 ὀρθογωνίῳ

53 825 202 912 ὑπὸτῆς
224 830 285 894 ΓΒ
308 827 444 913 καὶτῆς
468 834 535 894 AB
557 827 613 894 καὶ
636 830 681 919 τῷ
706 824 770 895 ἀπὸ
793 829 853 912 τῆς
871 832 940 895 ΔΓ
958 851 1069 913 τετρα-

52 932 154 1024 γώνῳ
176 932 233 1000 καί
255 936 300 1023 τῷ
324 928 389 1000 ύνιὸ
414 936 472 1019 τῆς
496 942 566 1000 ΔΑ
587 931 795 1025 τετραγώνῳ.
836 929 920 1000 ἀλλὰ
944 930 982 1001 τὸ
1001 929 1067 1002 ἀπὸ

51 1043 114 1126 τῆς
136 1044 205 1107 ΑΓ
231 1039 443 1125 τετράγωνον
471 1047 547 1107 ίσον
574 1039 644 1107 ἐστὶ
671 1043 717 1130 τῷ
745 1036 810 1108 ἀπὸ
834 1042 892 1127 τῆς
914 1048 985 1107 AA
1012 1041 1067 1108 καὶ
1105 1064 1122 1114 ι

51 1150 101 1238 τῷ
121 1142 186 1214 ἀπὸ
206 1149 264 1231 τῆς
279 1153 312 1213 A
318 1151 360 1214 Γ·
383 1146 438 1213 καί
457 1147 638 1232 περιττεύει
656 1142 694 1213 τὸ
713 1144 928 1232 ὀρθογώνιον
946 1145 984 1215 τὸ
1002 1143 1069 1215 ὑπὸ

52 1256 114 1340 τῆς
135 1258 198 1320 ΓΒ
220 1253 275 1320 καί
299 1256 357 1339 τῆς
379 1260 446 1320 AB
471 1255 523 1333 δὶς
545 1253 792 1342 περιεχόμενον.

418 1451 472 1515 Ad
496 1472 600 1536 prop.
622 1449 711 1517 XIV.

123 1573 175 1639 92.
211 1574 286 1640 Τών
310 1578 384 1658 ΘΕ,
408 1578 480 1640 ΗΕ
500 1571 691 1661 τετράγωνα
713 1598 744 1659 p.
761 1576 834 1659 162,
848 1576 882 1657 5]
902 1570 1070 1642 ὑποτείνει

54 1676 122 1765 γὰρ
145 1676 166 1764 ἡ
189 1685 262 1746 ΘΗ
280 1682 341 1747 τοῦ
365 1686 471 1747 ΘΕΗ
490 1678 666 1765 τριγώνου.
1092 1702 1125 1751 10

124 1787 176 1852 93.
209 1784 341 1871 Πόθεν,
366 1783 416 1854 ὅτι
440 1782 458 1854 ὁ
482 1787 696 1873 γραφόμενος
717 1784 839 1865 κύκλος
862 1782 924 1854 ούκ
942 1790 1071 1873 ἔρχεται

56 1887 115 1958 διὰ
142 1893 204 1958 τοῦ
226 1897 260 1956 A
293 1897 447 1977 σημείου;
483 1893 539 1960 καί
567 1892 724 1980 λέγομεν,
756 1890 823 1978 ὅτι,
855 1895 888 1960 εί
913 1891 1073 1978 δυνατόν,

56 1997 220 2086 ἐρχέσθω,
243 1997 299 2064 καὶ
322 1997 508 2083 ἐπεζεύχθω
532 1995 553 2084 ἡ
577 2004 616 2065 Η
618 2003 689 2082 [Δ].
728 1999 783 2066 καί
808 2000 877 2067 ἐπεὶ
901 2007 957 2086 ἴση
981 1999 1072 2068 ἐστὶν

57 2101 233 2190 41qu}
257 2108 345 2187 ΔΗ,
381 2099 454 2170 ἀλλ’
481 2100 501 2189 ἡ
526 2110 598 2171 ΘΗ
625 2108 665 2191 τῇ
689 2110 757 2170 ΗΖ
790 2104 880 2173 ἐστιν
913 2113 983 2191 ίση,
1017 2106 1073 2174 καὶ

56 2207 187 2297 ἡΔΗ
216 2207 283 2297 ἄρα
314 2212 353 2299 τῇ
386 2216 458 2278 ΖΗ
492 2212 582 2279 ἐστιν
620 2217 684 2296 ἴση.
747 2207 832 2278 ἀλλὰ
868 2207 889 2298 ἡ
923 2218 996 2278 ΔΕ
1029 2215 1069 2300 τῇ
1092 2233 1126 2283 ιτ

59 2321 163 2401 [ΕΖ]
202 2316 292 2384 ἐστιν
324 2324 393 2402 ίση·
438 2315 535 2402 κοινὴ
573 2322 786 2405 προσκείσθω
819 2313 840 2402 ἡ
872 2322 953 2383 ΗΕ.
1013 2315 1073 2403 ὅίη

58 2420 125 2510 ἄρα
157 2421 177 2509 ἡ
210 2430 280 2491 ΗΖ
313 2423 391 2490 δυσὶ
422 2436 494 2503 ταῖς
526 2429 613 2508 ΕΗ,
645 2429 717 2489 ΕΔ
748 2423 838 2491 ἐστιν
871 2428 936 2508 ἴση.
990 2419 1074 2489 ἀλλὰ

59 2528 80 2613 ἡ
101 2535 174 2596 ΗΛ
191 2533 231 2618 τῇ
250 2536 317 2597 ΗΖ
341 2531 431 2597 ἐστιν
451 2537 519 2616 ἴση·
542 2529 596 2596 καί
617 2531 654 2595 οἱ
670 2534 751 2615 ΗΕ,
767 2536 835 2596 ΕΔ
857 2525 923 2615 ἄρα
941 2532 980 2618 τῇ
1001 2534 1075 2597 ΗΔ

59 2640 146 2704 εἰσιν
174 2643 259 2720 ἴσαι,
286 2634 454 2722 τριγώνου
483 2639 521 2702 αί
545 2634 609 2703 δύο
637 2636 777 2724 πλευραὶ
804 2639 844 2725 τῇ
868 2639 967 2725 λοιπῇ
991 2643 1074 2703 ίσιιι·

60 2740 141 2828 ὅπερ
160 2740 340 2810 ἀδύνατον.
378 2739 440 2810 οὐκ
463 2739 529 2826 ἄρα
552 2744 608 2811 διὰ
631 2746 693 2810 τοῦ
712 2754 745 2810 Δ
768 2748 909 2830 σημείου
931 2747 1073 2832 ἔρχεται·
1093 2766 1129 2815 10

61 2846 142 2936 ὅπερ
167 2851 233 2915 ἔδει
256 2850 368 2929 δείξαι.

129 2956 181 3020 94.
213 2952 324 3023 Πάλιν
348 2953 469 3041 πόθεν,
492 2952 543 3022 ὅτι
567 2952 629 3023 οὐκ
653 2960 780 3044 ἔρχεται
804 2954 860 3022 διὰ
883 2959 944 3023 τοῦ
968 2962 1001 3023 Γ
1019 2976 1075 3043 ση·

61 3065 173 3146 μείους
214 3061 267 3130 καί
296 3062 451 3148 λέγομεν,
480 3058 531 3130 ὅτι
558 3063 614 3129 καὶ
642 3058 748 3141 οὕτως
775 3059 947 3130 ἀδύνατόν
972 3063 1073 3131 ἐστιν.

61 3169 92 3232 εί
113 3168 176 3254 γὰρ
199 3167 363 3253 δυνατόν,
392 3169 541 3253 ἐρχέσθω
565 3168 620 3236 καὶ
645 3166 829 3254 ἐπεζεύχθω
852 3165 873 3254 ἡ
898 3173 973 3236 ΗΓ.
1018 3169 1075 3236 καὶ

132 3367 175 3415 91.
196 3362 221 3415 b.
296 3368 338 3416 92.
357 3361 406 3415 Vb.
479 3368 522 3419 93.
541 3360 572 3418 Β.
645 3362 824 3432 94.B(anto
842 3361 930 3419 schol.
950 3368 1002 3431 93).

61 3539 124 3594 add.
143 3539 178 3606 V,
197 3540 278 3594 this:
297 3535 327 3594 υί
338 3536 389 3596 τὸν
408 3537 450 3609 (τό
468 3541 482 3594 f
498 3540 546 3596 alt.
561 3539 631 3608 Ῑουο,
650 3555 703 3595 ουτ.
721 3540 783 3609 τοῦ)
803 3555 820 3598 ς
839 3538 877 3609 (h.
894 3555 917 3594 e.
932 3533 1073 3609 ἀριθμοῦ)

60 3608 188 3666 τουτέστι
206 3607 348 3665 διπλάσιοι
366 3610 415 3665 καί
433 3606 592 3679 τριπλάσιοι
610 3610 659 3665 καί
678 3604 751 3678 ἑξῆς.

63 3750 69 3762 Ι
132 3681 496 3752 8.τι”ηςΔΓ]τοῦΔΓί).
552 3681 738 3753 12.A]AB.
795 3679 1074 3807 13.Quaouneieb]

60 3751 172 3821 mclnsi,
191 3752 221 3805 in
234 3751 257 3804 B
272 3756 451 3808 euanuerunt.
510 3758 550 3809 15.
571 3752 639 3822 ΔΕ]
661 3754 720 3805 ΓΗ
732 3751 761 3807 B.
818 3758 859 3808 16.
880 3752 950 3825 HE]
972 3754 1034 3807 ΗΓ
1068 3794 1075 3808 .

99 3827 141 3878 18.
160 3821 208 3895 αϊ]
228 3819 246 3892 ἡ
265 3824 296 3877 Β.
371 3830 412 3879 19.
432 3821 505 3879 τίσιν
523 3823 597 3898 ἴσαι]
615 3820 691 3881 ἐστιν
711 3823 762 3895 ίοη
777 3823 812 3880 B.

106 3919 259 3971 Eucliden,
276 3922 325 3963 odd.
340 3924 447 3978 Ητίοετρ
461 3930 484 3969 ιι
500 3927 593 3982 Mense.
615 3927 647 3971 V.
902 3920 939 3971 Ἦ

1168 3958 1187 4059 ’1
