2414 4236
145 501 189 566 48
516 498 719 554 Momm
735 502 784 555 ιε’.

147 651 220 723 [σας
243 643 618 729 γωνίας-περιέχουσιν,
645 641 701 708 καὶ
727 642 770 708 τά
796 638 897 709 λοιπὰ
919 636 1060 728 φανερά.
1105 663 1159 706 νε-

145 748 285 835 νοήσθω
308 746 373 817 άπὸ
396 751 458 816 τοῦ
482 754 510 814 Ζ
532 747 585 816 έπλ
607 744 646 815 τὸ
668 750 731 816 τοῦ
750 750 922 815 ΑΒΓΔΕ
941 744 1159 832 πενταγώνου

147 859 305 924 ἐπίπεδον
322 852 466 934 κάθετος
483 851 621 940 ἠγμένη,
639 852 713 940 ἥτις
725 864 873 921 πεσείται
887 853 940 921 ἐπὶ
959 850 999 922 τὸ
1017 854 1159 939 κέντρον

146 965 207 1030 τοὺ
229 961 304 1045 περὶ
327 958 364 1028 τδ
388 959 607 1046 πεντάγωνον
628 958 764 1028 τιυίιλου.
805 957 866 1027 ἐὰν
889 956 930 1047 δὴ
954 957 1020 1028 άπδ
1042 963 1105 1028 τοῦ
1125 966 1159 1027 Ν

111 1069 200 1139 εέπὶ
227 1068 271 1136 τδ
294 1079 447 1153 σημεῖον,
479 1067 558 1134 καθ’
584 1061 603 1133 δ
631 1065 814 1151 συμβάλλει
834 1062 857 1152 ἡ
879 1062 945 1134 άπὸ
968 1068 1031 1133 τοῦ
1052 1072 1081 1133 Ζ
1103 1064 1159 1133 κά-

145 1183 256 1260 δετος,
280 1172 498 1260 ἐπιζεύξωμεν
524 1171 580 1267 καὶ
608 1172 664 1240 διδ
690 1173 754 1240 τοῦ
774 1178 805 1239 Θ
830 1171 1047 1259 παράλληλον
1073 1168 1158 1260 αὐτῇ

146 1279 339 1367 άγάγωμεν,
370 1276 538 1366 φανερόν,
575 1275 625 1346 ὅτι
657 1276 841 1363 συμβάλλει
871 1280 912 1366 τῇ
942 1274 1008 1346 άπὸ
1039 1281 1103 1346 τοῦ
1131 1285 1159 1345 Ζ

145 1389 293 1477 καθέτῳ,
315 1383 370 1452 καλ
393 1382 414 1471 ἡ
438 1381 503 1452 άπὸ
526 1386 587 1452 τοῦ
610 1390 639 1451 Θ
661 1382 875 1471 παράλληλος
896 1381 1008 1473 ὀρθὴν
1029 1390 1159 1470 γωνίαν

145 1494 286 1580 περιέξει
315 1489 396 1578 μετά
428 1494 486 1577 τῆς
518 1487 584 1558 άπὸ
616 1494 678 1559 τοῦ
706 1498 733 1558 Ζ
764 1491 920 1559 καδέτου.
969 1488 1071 1558 πάλιν
1100 1491 1160 1558 έδιν

95 1619 128 1669 10
146 1597 364 1684 ἐπιζεύξωμεν
387 1593 453 1664 άπὸ
476 1599 544 1665 τών
568 1604 612 1682 Ζ,
634 1601 674 1664 Η
697 1597 750 1664 ἐπὶ
774 1595 813 1664 τὸ
835 1596 977 1684 κέντρον
998 1599 1063 1664 τοῦ
1083 1596 1159 1684 περὶ

145 1704 182 1772 τὸ
206 1709 375 1771 ΑΒΓΔΕ
400 1701 618 1789 πεντάγωνον
639 1701 766 1771 κύκλου
788 1701 844 1770 καὶ
871 1700 925 1772 ἐπὶ
946 1700 986 1771 τὸ
1010 1715 1159 1791 σημεῖον,

145 1807 224 1877 καθ’
251 1806 269 1877 δ
298 1807 481 1895 συμβάλλει
508 1808 529 1895 ἡ
560 1805 625 1877 άπδ
653 1811 717 1876 τοῦ
738 1815 767 1876 Θ
793 1811 834 1896 τῇ
862 1805 928 1877 άπδ
955 1812 1017 1877 τοῦ
1040 1816 1067 1876 Ζ
1091 1810 1159 1876 ἐπι-

147 1917 365 2005 ζευγνυμίνῃ,
394 1913 505 2003 ὀρδὴν
533 1918 661 2001 γωνίαν
688 1915 829 2002 περιέξει
858 1912 940 2001 μετὰ
960 1918 1021 2001 τῆς
1043 1912 1159 2002 αὐτῆς·

146 2022 179 2102 ἐξ
203 2013 245 2089 οὗ
268 2019 429 2109 φανερόν,
454 2019 505 2089 ὅτι
528 2022 565 2088 ἐν
589 2020 640 2088 ένλ
663 2021 806 2113 ἐπιπέδῳ
827 2019 896 2088 ἐστὶ
914 2022 951 2088 τδ
972 2027 1080 2087 ΗΘΚ
1084 2028 1115 2086 Δ
1122 2028 1165 2088 Μ

96 2150 129 2199 15
147 2128 372 2215 πεντάγωνον.

213 2244 280 2304 Δεῖ
300 2235 425 2303 εἰδέναι
447 2233 548 2322 ἡμᾶς,
578 2231 644 2320 δτι,
674 2232 733 2301 ἐάν
756 2259 805 2313 τις
832 2233 902 2320 ἐρεῖ
921 2230 1017 2319 ἡμῖν·
1054 2233 1160 2313 πόσας

145 2341 290 2429 πλευράς
303 2346 369 2429 ἔχει
382 2338 419 2409 τδ
435 2339 668 2426 είκοσάεδρον;
692 2339 845 2427 φήσομεν
860 2338 978 2419 οὕτως·
997 2340 1159 2426 φανερόν,

146 2445 197 2515 ὅτι
227 2445 292 2515 ὑπὸ
321 2454 424 2514 είκοσι
452 2445 628 2532 τριγώνων
655 2447 838 2533 περιέχεται
865 2443 902 2514 τὸ
931 2446 1159 2533 εἰκοσάεδρον,

145 2553 200 2620 καὶ
229 2550 280 2620 ὅτι
308 2554 447 2619 ἕκαστον
474 2556 641 2638 τρίγωνον
668 2548 734 2617 ὑπὸ
762 2561 867 2635 τριῶν
896 2548 1042 2620 εὐθειῶν
1072 2578 1159 2638 περι-

93 2679 128 2729 20
148 2660 267 2743 έχεται·
291 2661 345 2724 δεῖ
358 2649 421 2724 οὖν
435 2654 521 2743 ἡμᾶς
535 2655 821 2723 πολλαπλασιάσαι
836 2655 875 2724 τά
890 2665 994 2724 εἴκοσι
1014 2664 1159 2744 τρίγωνα

146 2764 199 2831 ἐπὶ
222 2761 281 2842 τὰς
299 2759 450 2848 πλευράς
471 2770 532 2828 τοί
557 2762 735 2848 τριγώνου·
772 2768 900 2848 γίνεται
924 2761 961 2829 δὲ
987 2758 1160 2848 ἑξήκοντα·

147 2862 195 2938 ὧν
218 2867 321 2957 ἥμισυ
344 2873 470 2954 γίνεται
493 2867 680 2954 τριάκοντα.
727 2865 851 2955 ὁμοίως
874 2866 911 2935 δὲ
934 2868 989 2935 καὶ
1019 2869 1070 2935 ἐπὶ
1099 2873 1159 2936 δω-

148 2977 331 3063 δεκαέδρου
344 2973 459 3042 πάλιν·
483 2971 597 3061 ἐπειδὴ
612 2974 742 3043 δώδεκα
756 2972 952 3059 πεντάγωνα
970 2976 1160 3061 περιέχουσι

146 3081 184 3150 τὸ
197 3082 440 3169 δωδεκάεδρον,
449 3080 552 3149 πάλιν
562 3081 599 3148 δὲ
610 3083 749 3149 ἕκαστον
759 3079 976 3165 πεντάγωνον
986 3085 1051 3167 ἔχει
1061 3084 1160 3148 πέντε

93 3206 127 3254 εῡ
147 3189 293 3271 εὐθείας,
311 3192 474 3275 ποιοῦμεν
493 3187 674 3267 δωδεκάκις
692 3189 801 3256 πέντε·
824 3193 977 3273 γίνονται
992 3186 1160 3272 ἐξήκοντα.

221 3355 243 3402 1.
263 3346 425 3416 περιέχουσι
445 3348 501 3402 Vv.
562 3353 587 3403 2.
606 3347 672 3402 Post
690 3351 711 3401 Z
731 3352 745 3400 l
765 3347 820 3402 litt
836 3346 890 3402 del.
904 3345 938 3401 V.
997 3342 1043 3417 τά]
1060 3364 1113 3402 0111.
1129 3347 1159 3401 P.

183 3421 348 3472 ΑΒΓΔΕΖ
362 3416 419 3472 ΡΒ.
476 3413 640 3488 ἕπταγώνου
656 3417 713 3472 ΡΒ.
769 3424 794 3472 4.
811 3418 926 3471 PostN
938 3416 1079 3473 deLEV.
1136 3425 1160 3472 6.

149 3492 174 3544 Θ
211 3507 281 3544 corr.
301 3506 335 3542 ex
354 3509 384 3543 το
404 3507 440 3542 m.
462 3495 475 3543 1
496 3508 521 3543 v.
596 3494 621 3544 8.
641 3483 699 3542 άπὸ
718 3489 769 3543 τοῦ
789 3488 830 3559 Θ]
850 3488 878 3541 in
898 3506 950 3544 rau.
970 3487 1003 3544 V.
1079 3489 1114 3558 Θ]
1136 3492 1160 3541 Ε

148 3559 206 3615 Ρ,
293 3565 317 3613 9.
342 3560 378 3631 Ζ]
399 3576 453 3615 om.
472 3561 504 3615 P.
592 3565 633 3616 10.
656 3559 729 3630 τῶν]
749 3559 777 3613 in
796 3576 849 3614 m.
868 3557 901 3614 V.
990 3560 1038 3683 HE
1054 3559 1107 3614 del.
1127 3559 1160 3627 V,

149 3647 202 3684 om.
222 3647 248 3683 v.
322 3635 364 3684 11.
383 3628 566 3699 πενταγώνου
585 3628 619 3685 V.
679 3627 784 3685 κύκλον
802 3629 861 3684 ΡΒ.
935 3625 1046 3684 ἐπεί.
1120 3635 1159 3684 12.

148 3701 216 3755 Post
234 3702 259 3755 Θ
277 3701 341 3755 εδδ.
360 3721 396 3755 m.
416 3709 445 3756 22
475 3698 532 3756 άπὸ
557 3701 608 3756 τοῦ
627 3706 663 3755 Μ
683 3696 805 3756 εὐθεῖαν
827 3695 980 3789 ἀγάγωμεν
1002 3698 1037 3754 V.
1108 3701 1158 3784 τῇ]

148 3773 216 3826 mut.
235 3771 264 3824 in
283 3766 301 3840 ἡ
320 3790 356 3826 m.
376 3778 392 3826 2
412 3770 445 3840 V,
464 3773 502 3827 τώ
521 3790 547 3827 v.
623 3773 661 3844 Z]
685 3777 720 3826 M
736 3767 859 3827 εὐθεῖαν
876 3789 1040 3839 αγαγωμεν,
1065 3765 1082 3838 ἡ
1102 3765 1159 3823 άπο

145 3843 197 3894 τοι)
214 3846 297 3906 ΜΠ
317 3847 339 3896 Ζ
357 3846 425 3897 mut.
441 3844 470 3898 in
484 3846 570 3899 Mm.
586 3849 602 3896 Β
618 3842 657 3910 V3
678 3847 708 3897 H
723 3841 781 3899 PB.
856 3847 897 3896 18.
917 3837 993 3911 άρθὴ
1013 3840 1063 3894 ΡΒ
1084 3842 1112 3896 εδ
1126 3840 1160 3907 V,
