2414 4236
249 512 406 565 senona
423 514 462 565 IN
480 513 757 566 ELEMENTORUM
774 515 913 566 LIBRUM
927 515 949 568 1.
1039 514 1103 578 115

82 650 242 739 πόρισμα,
265 656 418 732 ἔνστασις
435 653 491 720 καλ
510 650 686 739 ἀπαγωγή·
718 655 774 721 καὶ
793 658 906 741 λῆμμα
922 656 984 741 μέν
1000 658 1100 741 ἐστιν,

83 756 166 825 ὅταν
184 760 343 845 ζητῶμεν,
362 762 395 826 ελ
411 763 479 826 ἔστι
493 785 524 826 τι
544 756 582 826 τὸ
598 758 842 841 κατασκευάζον
856 758 893 827 τὸ
909 759 1098 847 πρόβλημα,

84 861 166 950 ὅπερ
190 861 208 932 ὁ
234 862 438 944 διδάσκαλος
461 869 509 944 εἰς
531 863 742 952 κατασκευήν
766 869 896 951 δίδωσι,
920 871 1042 946 πτῶσις
1062 866 1098 934 δὲ

83 967 168 1056 αὐτή
191 967 212 1056 ή
237 974 296 1056 τής
313 982 519 1057 κατασκευῆς
537 969 687 1058 ἀφορμή·
713 977 782 1039 ἔστι
802 975 850 1057 δέ,
874 969 928 1040 ὅτε
947 974 1003 1041 καὶ
1021 998 1101 1058 προ-

83 1075 236 1163 βλήματα
258 1075 473 1163 εὑρίσκονται
500 1075 651 1161 ἀπτῶτα,
684 1077 844 1164 δηλονότι
871 1077 916 1164 μή
945 1077 1101 1167 ἀφορμῆς
1136 1099 1153 1148 ο

80 1187 128 1262 ελς
141 1181 352 1269 κατασκευήν
368 1181 520 1269 δεόμενα.
556 1181 715 1269 πόρισμα,
736 1181 817 1250 ὅταν
833 1187 990 1270 ζητῶμεν,
1010 1193 1100 1270 εἴπερ

80 1290 135 1357 ἐπὶ
172 1292 236 1356 τοῦ
276 1293 460 1376 προφανῶς
493 1289 530 1356 ἐν
566 1293 612 1379 τῷ
650 1289 858 1375 προβλήματι
891 1291 1101 1375 φαινομένου

79 1400 151 1463 ἔστι
173 1393 230 1463 καλ
253 1393 369 1481 ἕτερόν
392 1422 424 1462 τι
448 1394 626 1475 ἀνακῦψαι.
673 1401 840 1479 ἔνστασις,
865 1393 919 1463 ὅτε
944 1401 1100 1483 ζητῶμεν,

87 1508 180 1583 ελπερ
203 1500 272 1569 ἐστὶ
300 1499 452 1569 δεκτικὸν
481 1498 673 1587 ἀνατροπῆς
698 1505 815 1586 τοῦτο,
843 1503 898 1570 καλ
927 1499 1100 1601 ἀπαγωγή,

85 1606 143 1674 ὅτε
163 1609 317 1693 ζητῶμεν,
337 1612 369 1674 ελ
386 1612 478 1675 ἔστιν
497 1604 682 1693 ἀπαγαγεῖν
701 1606 738 1675 τὸ
753 1611 909 1676 τοιοῦτον
924 1607 1100 1695 πρόβλημα
1121 1629 1153 1678 10

81 1716 132 1792 εἰς
154 1711 360 1798 κατασκευήν
384 1711 491 1780 ἀλλον
513 1711 757 1799 προβλήματος.

149 1822 203 1886 22.
235 1818 424 1905 Πρόβλημα
448 1820 504 1886 καὶ
527 1819 689 1905 θεώρημα
714 1820 877 1905 διαφέρει,
902 1816 1014 1888 ὅτιτὸ
1038 1819 1099 1906 μὲν

79 1924 259 2013 πρόβλημα
286 1925 342 1992 καὶ
369 1939 460 1993 ποιεῖ
488 1926 543 1992 καὶ
577 1924 779 2011 προστάσσει
811 1925 867 1992 καὶ
899 1924 961 2011 τήν
995 1929 1098 2007 δεῖξιν

81 2029 195 2117 ἐπάγει
222 2034 284 2099 τοῦ
311 2033 528 2117 ποιηθέντος·
565 2030 603 2098 τὸ
634 2031 670 2098 δέ
694 2030 855 2117 θεώρημα
883 2029 923 2099 τά
952 2030 1041 2119 παρὰ
1059 2031 1098 2100 τδ

80 2134 303 2225 ὑποκείμενου
327 2142 436 2225 σχῆμα
460 2136 687 2224 συμπτῶματα
711 2136 961 2206 ἀποδείκνυσιν.
1120 2160 1152 2208 15

147 2248 200 2313 23.
246 2249 347 2312 Πᾶσα
383 2246 542 2329 πρότασις
578 2240 781 2331 γεωμετρικὴ
814 2241 889 2329 ήτοι
922 2244 1098 2330 πρόβλημα

80 2346 283 2439 ήδεῶρημά
303 2352 406 2435 ἐστιν,
430 2351 486 2417 καὶ
500 2348 678 2436 πρόβλημά
696 2350 797 2433 έστιν,
821 2346 901 2417 ὅταν
921 2354 1098 2438 προβληθή

80 2454 122 2524 τὰ
140 2455 185 2544 μή
205 2455 287 2525 ὄντα
306 2481 358 2524 πυ
375 2463 582 2541 πορίσασθαι
601 2457 656 2523 καὶ
672 2460 720 2535 εἰς
735 2454 879 2543 ἐμφανές
893 2469 1098 2542 παραγαγεῖν

79 2564 136 2632 καὶ
150 2562 510 2651 προσμηχανήσασθαι,
528 2564 690 2649 θεώρημα
707 2564 754 2648 δέ,
775 2563 811 2629 έν
828 2556 877 2641 οἷς
891 2560 928 2630 τὸ
945 2558 1099 2650 ὑπάρχον

79 2664 101 2756 ἢ
130 2668 175 2757 μή
202 2667 355 2756 ὑπάρχου
384 2674 470 2737 ἰδεῖν
498 2669 553 2736 καὶ
581 2673 708 2754 γνῶναι
736 2669 792 2736 καὶ
818 2665 993 2749 ἀποδεῖξαι
1020 2692 1097 2754 προ·
1117 2693 1152 2742 20

80 2789 232 2862 αιρεῑται.
268 2786 335 2843 πᾶν
355 2776 392 2843 δὲ
411 2774 588 2864 πρόβλημα
606 2777 661 2843 καὶ
682 2780 749 2843 πᾶν
767 2775 927 2862 θεώρημα
942 2775 1098 2860 βούλεται

77 2886 185 2950 ταῦτα
207 2881 316 2950 πάντα
339 2887 427 2969 ἔχειν
451 2884 487 2949 ἐν
517 2883 622 2973 ἑαυτῷ
650 2881 832 2969 πρότασιν,
866 2887 1018 2965 ἔκθεσιν,
1051 2885 1098 2948 δι-

80 2987 237 3076 ορισμόν,
259 2987 479 3074 κατασκευήν,
498 2984 683 3073 ἀπόδειξιν,
704 2989 931 3075 συμπέρασμα.
968 2986 1098 3053 τούτων

81 3093 119 3162 δὲ
142 3091 164 3180 ἡ
188 3093 251 3181 μὲν
277 3093 436 3180 πρότασις
463 3096 567 3180 λέγει,
600 3099 691 3174 τίνος
720 3095 905 3177 δεδομένου
928 3097 963 3157 τί
984 3089 1021 3158 τὸ
1047 3097 1098 3177 ζη-

78 3198 250 3288 τούμενόν
273 3203 375 3269 ἐστιν·
404 3198 424 3286 ή
448 3199 514 3288 γάρ
537 3206 645 3267 τελεία
668 3201 828 3285 πρότασις
847 3198 880 3277 ἐξ
899 3195 1098 3284 ἀμφοτέρων
1117 3216 1152 3265 κε

77 3309 183 3375 ἐστίν.
228 3303 249 3394 ή
278 3305 315 3373 δὲ
344 3312 476 3386 έκθεσις
504 3303 579 3373 αὐτὶ
618 3304 698 3373 καθ’
725 3302 807 3373 αὑτδ
840 3302 877 3370 τὸ
913 3304 1097 3389 δεδομένον

77 3411 359 3497 ἀποδιαλαβοῦσα
374 3417 618 3500 προευτρεπίζει
628 3423 668 3500 τῇ
686 3410 824 3498 ζητήσει.
844 3406 910 3476 ὁδὲ
923 3407 1099 3494 διορισμὸς

76 3520 183 3606 χωρὶς
200 3516 238 3586 τὸ
259 3517 473 3604 ζητούμενον,
497 3517 527 3603 ὅ,
546 3545 577 3585 τι
595 3519 677 3586 ποτέ
695 3519 796 3601 ἐστιν,
820 3519 986 3601 διασαφεῖ.
1019 3511 1040 3601 ή
1061 3514 1097 3582 δὲ

151 3703 195 3751 22.
214 3715 251 3750 m.
323 3701 366 3750 23.
387 3696 417 3751 Ρ.

75 3806 297 3820 .-——-—-

152 3862 196 3913 14.
216 3855 307 3927 παρῶ]
326 3853 406 3910 scrib,
427 3856 497 3923 περί.
572 3858 614 3911 λδ.
634 3851 793 3933 σύμπτωμα
813 3877 852 3915 m.

915 3952 953 4014 g*
