2414 4236
139 520 203 584 136
290 521 448 574 scflom
465 523 505 575 IN
522 520 800 574 ammom
814 520 991 575 mun

136 663 233 741 θέσις
256 657 319 729 οὐκ
342 660 538 748 ἀφύρισται.
585 665 735 730 δείκνυσι
762 658 802 730 δὲ
827 656 848 729 δ
874 656 1091 749 στοιχοιωτής
1116 660 1157 731 τὸ

137 773 358 855 προκείμενον
389 767 598 855 χρησάμενος
628 770 673 859 τῷ
703 766 823 859 πρύτφ
854 766 1066 855 προβλήματι
1097 768 1156 837 καί

137 879 183 965 τῷ
206 873 240 961 γ’
263 875 319 942 καὶ
343 874 394 943 ἑνὶ
416 878 484 942 τῶν
509 872 700 960 αἰτημάτων
721 874 779 941 καί
800 874 885 959 πρὸς
901 870 1036 953 τούτοις
1050 876 1101 961 τῷ
1119 870 1155 961 η’

137 980 330 1067 θεωρήματι
348 979 404 1047 καὶ
423 991 467 1071 τῷ
488 977 556 1071 ὅρῳ
574 983 634 1066 τῆς
646 975 731 1065 πρδς
744 976 853 1067 ὐρθάς
864 984 990 1065 γωνίας
1007 978 1154 1061 εὐθείας.

102 1115 118 1163 5
138 1094 167 1155 εί
180 1086 217 1154 δέ
231 1086 286 1154 καὶ
301 1092 452 1174 θεωρίαν
467 1089 608 1173 δοίημεν
621 1088 667 1176 τῷ
681 1083 892 1172 προβλήματι
904 1084 1026 1178 τούτῳ,
1044 1090 1155 1155 ἔοικεν

137 1190 244 1280 ήμὲν
267 1191 355 1280 ὀρθὴ
380 1198 487 1278 γωνία
510 1191 683 1279 σύμβολον
706 1188 794 1259 εἶναι
821 1194 905 1278 ξωής
930 1188 1004 1259 κατ’
1029 1188 1153 1279 ἀρετήν

139 1297 302 1384 ἀνιούσης
321 1298 376 1366 καί
395 1303 443 1378 είς
461 1296 548 1379 ὐιγος
565 1297 747 1384 αἰρομένης
760 1296 818 1365 καὶ
830 1298 997 1384 μενούσης
1014 1295 1156 1367 ἀκλίτοο

137 1403 222 1492 πρὸς
234 1407 275 1472 τά
289 1411 436 1493 χείρονα·
456 1404 511 1471 καί
525 1400 589 1490 γάρ
603 1399 625 1488 ἡ
639 1402 728 1488 ὀρθή
742 1408 849 1489 γωνία
862 1400 1001 1489 ἀκλινής
1013 1404 1086 1472 ἐστι
1098 1402 1155 1473 καί

137 1516 177 1600 τῇ
203 1510 330 1596 ἰσότητι
353 1511 408 1579 καὶ
431 1520 477 1604 τῷ
502 1507 571 1600 ὅρῳ
593 1509 650 1577 καὶ
672 1512 718 1601 τῷ
742 1509 859 1595 πέρατι
881 1509 1107 1598 συνεχομένη,
1131 1506 1154 1597 ή

85 1646 119 1694 10
139 1618 176 1686 δὲ
207 1616 351 1697 κάθετος
379 1615 480 1685 είκύν
507 1618 576 1683 ἐστι
604 1619 687 1702 ζωῆς
714 1615 767 1683 ἐπὶ
794 1611 835 1683 τά
861 1614 951 1683 κάτω
972 1614 1157 1705 κατιούσης

137 1725 193 1791 καὶ
216 1728 274 1809 τῆς
295 1721 378 1790 κατὰ
400 1723 534 1808 γένεσιν
557 1718 729 1805 ἀοριστίας
756 1717 819 1789 οὐκ
847 1718 1157 1809 ἀναπιμπλαμένης.

204 1834 257 1898 52.
291 1826 430 1912 Ἰστέον,
463 1826 530 1913 ὅτι,
563 1826 623 1896 έάν
653 1831 742 1916 δοθῇ
768 1825 807 1895 τδ
837 1840 977 1915 σημεῖον
1006 1828 1062 1897 ἐπὶ
1093 1832 1156 1899 τοῦ

139 1936 280 2019 πέρατος
301 1938 360 2019 τῆς
383 1932 533 2017 εὐθείας,
566 1935 773 2021 έκβαλούμεν
799 1932 837 2002 τὸ
865 1946 1006 2020 σημεῖον
1031 1934 1092 2003 καλ
1112 1932 1155 2003 τὰ

139 2042 214 2126 ἑξής
240 2039 439 2127 ποιήσομεν,
472 2045 600 2126 μᾶλλον
633 2040 670 2108 δέ
697 2044 737 2128 τῇ
766 2038 884 2130 εὐθείᾳ
910 2045 1156 2125 προσεκβαλεῖν

87 2173 120 2224 15
139 2148 194 2214 καὶ
217 2149 256 2213 τά
282 2147 356 2233 ἑξῆς
377 2151 524 2233 ποιήσαι.

514 2381 571 2446 Ad
594 2402 699 2465 prop.
721 2379 794 2444 XII.

207 2508 259 2571 53.
283 2501 440 2588 ’Ἄπειρον
465 2500 603 2570 εὐθεῖαν
627 2499 733 2585 εἶπεν,
757 2504 814 2567 ἵνα
838 2497 882 2586 μή
906 2501 1160 2587 πεπερασμένης

141 2608 245 2692 οὔσης
268 2611 356 2693 δοθῇ
379 2607 417 2675 τὸ
443 2623 581 2694 σημεῖον
604 2610 641 2675 έν
664 2607 754 2698 ἀλλῳ
778 2609 866 2699 τόπῳ
889 2606 944 2673 καὶ
967 2602 988 2693 ἢ
1013 2603 1157 2692 ἀμβλεῖα

142 2717 174 2793 ἐξ
198 2710 346 2798 ἀνάγκης
375 2717 512 2799 γένηται
539 2712 559 2799 ἡ
587 2721 709 2799 γωνία,
737 2709 759 2800 ή
784 2712 834 2781 ἐπ’
861 2709 995 2791 εὐθείας
1023 2714 1108 2800 πίση
1135 2710 1157 2799 ή

87 2846 123 2894 20
142 2816 288 2905 ἀγομένη
312 2822 351 2905 τῇ
376 2820 408 2898 ἐξ
431 2816 545 2905 ἀρχῆς,
569 2814 590 2905 ἢ
616 2819 730 2904 ἕτερόν
752 2846 785 2885 τι
808 2822 928 2906 συμβῇ.
968 2822 999 2885 εί
1022 2815 1054 2884 δ’
1074 2815 1159 2886 ὐπο-

142 2922 287 3011 θιύμεθα
311 2922 418 3010 αὐτὴν
442 2923 591 3009 ἄπειρον,
616 2922 718 2992 οὐδὲν
740 2929 896 2992 τοιοῦτον
920 2923 1135 3010 συμβήσεται.

209 3036 261 3099 54.
304 3035 410 3098 Τοῦτο
434 3028 471 3097 τὸ
494 3030 671 3116 πρόβλημα
696 3035 879 3116 Οἰνοπίδης
902 3028 1056 3116 ἐζήτησεν
1080 3028 1158 3117 χρή-

143 3159 244 3224 σιμον
267 3134 350 3205 αὐτὸ
374 3134 457 3222 πρὸς
487 3135 709 3222 ἀστρολογίαν
738 3136 906 3223 οἰόμενος,
934 3133 1092 3222 ὐνομάζει
1120 3136 1158 3204 δέ

142 3242 203 3328 τὴν
226 3246 371 3311 κάθετον
395 3240 559 3329 ἀρχαικῶς
583 3241 756 3329 γνώμονα,
780 3242 945 3312 διότικαὶ
969 3239 987 3308 ὁ
1011 3241 1160 3329 γνώμων

89 3348 226 3435 νεαρὸς
253 3347 363 3435 ὀρθάς
391 3351 459 3415 ἐστι
487 3353 532 3440 τῷ
562 3346 713 3435 ὁρίζοντι.
768 3354 808 3437 τῇ
836 3349 874 3417 δὲ
897 3346 980 3433 πρὸς
1004 3345 1159 3436 ὀρθάςή

214 3548 257 3595 ιι.
276 3542 370 3611 ψη).
444 3548 486 3597 σε.
505 3542 634 3613 V·m(f).
708 3551 750 3598 τι.
770 3546 800 3598 Ρ.

217 3725 258 3773 ll.
282 3714 553 3788 ἀναπιμπλαμένους
571 3718 632 3777 Pv.
721 3727 762 3775 17.
788 3715 927 3829 effletur]
947 3716 999 3785 τὴν
1018 3720 1160 3775 δοθεῖσαν

142 3784 267 3845 εὐθεῖαν
287 3808 322 3845 m.
384 3788 583 3861 πεπερασμένη
603 3787 674 3862 οὐση
692 3810 729 3845 m.
796 3795 836 3845 18.
856 3793 907 3844 καί
942 3790 995 3860 μέν
1013 3808 1050 3843 ιω.
1118 3797 1160 3846 19.

70 3832 204 3991 Ὑί]
221 3854 271 3914 ὐπ’
284 3879 320 3916 m.
393 3866 436 3916 λθ.
453 3858 552 3931 ἑτέρως
567 3880 602 3915 m.
676 3868 720 3917 22.
736 3856 869 3930 έξήτησεν
882 3832 921 3915 P.J
