2414 4236
226 533 382 585 SCHOLIA
400 533 440 584 IN
456 533 732 587 EIAEMENTORUM
748 534 887 586 LIBRUM
901 535 947 587 xl.
1025 530 1089 596 597

79 673 99 760 ἡ
130 672 215 760 πρὸς
241 677 286 762 τῷ
311 682 342 740 A
370 675 593 760 συνισταμένη
621 679 737 759 γωνία
784 672 998 759 ἐκβεβλήσθω
1026 676 1091 760 γὰρ

78 808 99 866 η
124 786 154 846 Γ
159 787 185 847 Β
211 778 318 847 ἐπὶ
286 806 323 847 το
348 788 397 864 A,
425 779 480 847 καί
502 785 628 847 κείσθω
652 783 691 868 τῇ
715 785 776 848 ΓΒ
800 776 894 865 ίση
878 805 899 863 η
922 785 1008 864 BA,
1035 778 1091 845 καὶ

79 883 306 972 έπεζεύχθω’
288 913 308 972 η
329 893 408 953 AA.
450 877 585 953 ἐπεὶ
544 911 607 953 ουν
631 894 686 972 ίση
710 883 841 954 ἐστίν’
824 912 845 972 η
869 891 934 953 AB
956 910 997 971 τη
984 887 1091 969 ΒΓ,

80 1001 134 1078 ἴση
154 993 222 1061 ἐστὶ
242 992 295 1058 καὶ
315 997 422 1076 γωνία
440 1019 462 1077 η
480 989 546 1058 ὑπὸ
561 996 713 1059 ΒΓΑ”
673 1019 713 1081 τη
733 988 799 1060 ύπὸ
813 997 921 1060 ΒΑΓ.
957 986 1091 1077 ημίσεια

78 1097 143 1184 ἄρα
167 1099 303 1183 ἑκατέρα
327 1095 440 1165 αὐτῶν
464 1093 572 1183 ὀρθῆς
597 1096 716 1165 διὰ
683 1126 721 1168 το
736 1096 863 1230 ὀρθὴν
890 1094 1126 1167 ύποκείσθαισ

637 1233 699 1294 την
727 1204 794 1274 ὑπὸ
818 1210 925 1274 ΑΒΓ.
972 1205 1027 1271 διὰ
1050 1186 1090 1269 τά

639 1310 722 1381 αύτά
742 1311 784 1400 θη
800 1309 888 1379 καὶ*
870 1337 891 1398 η
906 1308 972 1379 ὑπὸ
986 1316 1092 1377 BAA

638 1416 770 1506 ημίσεια
762 1418 875 1487 ’ἐστιν
890 1415 1004 1504 ὀρθῆς.
1030 1414 1091 1501 όλη

486 1608 493 1619 Χ
638 1522 703 1611 άρα
726 1522 747 1612 ἡ
771 1520 837 1591 ὑπὸ
860 1529 967 1589 ΔΛΓ
985 1528 1092 1608 γωνία

337 1632 341 1711 λ
509 1647 534 1773 ἶ
638 1628 727 1717 ὀρθή
747 1633 845 1698 ἐστιν.
882 1627 1092 1714 ὀρθογώνιος
1112 1648 1145 1698 10

83 1720 113 1772 Δ
343 1705 377 1761 B
638 1737 704 1824 όίρα
724 1733 742 1806 ὁ
756 1737 831 1824 περὶ
844 1762 882 1804 το
897 1739 1000 1804 ΑΒΓ
1014 1760 1092 1821 γρα-

79 1841 227 1929 φόμενος
250 1848 365 1923 κῶνος.
414 1848 473 1930 τῆς
501 1843 566 1930 γάρ
590 1850 656 1911 ΑΒ
683 1843 849 1930 μενούσης
876 1839 1010 1921 εὐθείας
1036 1841 1092 1908 καὶ

78 1952 136 2034 τῆς
160 1955 228 2016 ΑΓ
251 1950 533 2038 περιφερομένης,
558 1950 620 2029 ἕως
642 1945 686 2018 άν
709 1947 985 2036 ἀποκατασταθῇ,
1009 1945 1093 2016 ὅθεν

78 2051 200 2137 ἤρξατο
224 2056 399 2141 φέρεσθαι,
422 2057 687 2144 περιφερομένης
710 2054 753 2142 δὴ
776 2059 835 2142 τῆς
857 2061 925 2123 ΑΓ
944 2055 1000 2122 καὶ
1020 2058 1092 2154 ΒΓ,

77 2161 245 2247 μενούσης
259 2161 296 2229 δὲ
309 2165 368 2249 τῆς
381 2167 448 2229 ΑΒ
466 2159 596 2247 ἀνάγκη
614 2162 652 2228 ἐν
666 2164 705 2248 τῇ
721 2166 887 2251 περιφορᾷ
902 2159 1092 2247 ἐφαρμόσαι
1112 2176 1145 2232 15

78 2266 141 2352 τὴν
165 2273 233 2336 ΑΓ
255 2271 296 2356 τῇ
319 2276 390 2335 AA
418 2269 474 2335 διὰ
502 2265 541 2335 τό
565 2275 643 2353 ίσην
666 2263 839 2354 εἶναιτὴν
860 2273 923 2336 ΓΒ
950 2270 991 2355 τῇ
1014 2272 1092 2333 ΒΔ.

79 2371 163 2441 ὥστε
192 2370 209 2441 ό
237 2373 451 2461 γραφόμενος
481 2372 603 2452 κύκλος
630 2370 696 2441 ὑπὸ
723 2382 784 2440 τοῦ
808 2377 841 2439 Γ
867 2378 1023 2459 σημείου,
1055 2368 1093 2451 ὃς

80 2479 202 2559 κύκλος
224 2480 279 2546 καὶ
301 2479 399 2567 βάσις
421 2484 514 2547 ἔσται
536 2489 599 2547 τοῦ
620 2477 735 2548 κοίνου
757 2482 819 2547 τοῦ
841 2477 972 2565 περὶτὰ
992 2483 1097 2546 ΑΒΓ

79 2590 245 2669 τρίγωνον
267 2586 500 2671 γραφομένου,
529 2582 547 2653 ό
573 2583 615 2671 δὴ
640 2584 854 2672 γραφόμενος
875 2583 997 2664 κύκλος
1020 2583 1092 2651 θιά-

78 2714 201 2776 μετρον
225 2690 289 2770 ἔξει
307 2688 369 2776 τὴν
385 2697 455 2758 ΔΓ
473 2690 574 2777 βάσιν
592 2696 654 2759 τοῦ
669 2697 777 2760 ΔΑΓ
794 2690 962 2778 προγόνου
981 2687 1091 2778 ὀρθὴν
1110 2708 1144 2757 20

77 2800 210 2881 ἔχοντος
233 2792 294 2882 τὴν
317 2792 383 2863 ὑπὸ
403 2801 511 2863 ΔΑΓ
529 2801 668 2883 γωνίαν.
705 2801 737 2864 εί
759 2789 823 2866 ούν
847 2798 938 2886 θιέλη
961 2822 1012 2877 τις
1030 2795 1090 2865 τὸν

76 2905 188 2969 κῶνον
212 2906 288 2988 δίχα
311 2906 358 2981 είς
378 2901 441 2970 δύο
461 2899 526 2970 άπὸ
544 2906 605 2990 τῆς
622 2906 774 2991 κορυφῆς
791 2907 849 2990 τῆς
867 2912 899 2971 A
922 2904 1017 2991 μέχρι
1032 2906 1091 2989 τῆς
1136 2897 1137 2900 “

76 3007 221 3094 βάσεως,
254 3010 292 3074 αί
320 3011 390 3075 τῶν
421 3007 601 3094 τμημάτων
633 3008 825 3096 ἐπιφάνειαι
856 3007 920 3077 οὐκ
944 3006 1027 3078 ἄλλο
1058 3034 1090 3076 τι

78 3119 211 3182 ἔσονται
239 3110 321 3200 ἢτὸ
345 3119 453 3182 ΑΔΓ
479 3118 647 3242 τρίγρνον
675 3111 890 3202 ὀρθογώνιον
914 3113 968 3184 όν·
1006 3112 1090 3184 όστε

76 3218 180 3287 καὶ*
164 3247 185 3305 η
212 3224 275 3290 τού
302 3220 416 3291 κύνου
444 3218 577 3308 κορυφὴ
606 3218 816 3308 όρθογόνιός
846 3224 945 3291 ἐστιν.
995 3225 1026 3290 εί
1053 3221 1090 3290 δὲ
1108 3244 1144 3295 25

77 3332 197 3443 μείζων
224 3327 360 3396 ἐστὶν
342 3356 363 3414 η
387 3334 453 3396 ΒΓ
477 3332 534 3416 τῆς
556 3337 639 3416 ΑΒ,
672 3333 793 3415 μείζων
820 3325 955 3417 ημίσεος
983 3329 1092 3418 ὀρθῆς

148 3467 282 3535 Figuram
302 3484 355 3521 om
376 3468 456 3522 codd.

320 1265 356 1319 A

151 3597 174 3646 1
192 3585 342 3674 τῷ]τόβ.
404 3597 441 3677 ..2
462 3591 525 3663 ΓΒ]
545 3594 641 3678 Bra
707 3595 769 3666 ΓΒ]
783 3597 884 3676 ΒΓβ
959 3600 1000 3649 18.
1019 3590 1093 3649 άπο-

79 3661 251 3734 ααταοτῇη.
320 3668 362 3719 14.
381 3663 431 3731 τῆς
449 3664 518 3751 ΑΓ]
537 3663 570 3736 τῇ
590 3669 611 3719 A
630 3666 695 3720 ante
715 3663 838 3735 spatium
858 3664 943 3725 11itt
958 3668 984 3739 β.
1048 3669 1090 3720 15.

79 3734 293 3820 περιφερείμβ.
354 3729 582 3821 ἔφαρμόοθαιβ.
657 3741 698 3791 16
719 3737 784 3808 ΓΒ]
802 3740 897 3811 Bra.
959 3742 1000 3792 1‘1.
998 3729 1089 3824 ύπό]

78 3800 227 3929 ολτιῖόὸιβιί
238 3810 280 3862 18
300 3805 349 3948 zzz]
368 3802 648 3877 ΑΒΓτριγύτοοβ.
714 3813 757 3864 2³.
777 3805 898 3881 aflom
913 3808 941 3878 θ
994 3802 1050 3860 «οἱ
1032 3822 1100 3869 ‘x

174 3879 296 3944 ημίσεως
