2414 4236
139 489 205 553 330
286 490 443 543 sonem
459 490 499 543 m
516 488 791 544 τοιονυυτοοοιι
808 486 948 543 mauu
961 488 1008 542 τι

206 634 236 698 8.
275 630 455 716 Σόγιιειται
484 627 502 698 6
529 628 724 714 τριπλάσιος
751 628 852 717 λόγος
880 631 916 699 ἐκ
948 633 1155 697 διπλασιεπι-

138 737 297 821 τετάρτου
324 736 379 804 καὶ
408 737 592 824 ἐπιτρίτου,
625 732 701 804 οἷον
733 733 752 806 6
784 733 953 805 δεκαοκτιό
984 734 1041 802 κοιλ
1075 730 1093 803 6
1121 737 1155 815 ἓξ

140 843 197 911 διὰ
212 844 321 969 μέσον
339 847 407 910 τῶν
426 841 527 912 όκτιό·
551 848 618 930 ἔχει
635 839 787 912 τοίνυν*
774 870 792 911 ο
812 842 979 911 δεκαοκτὼ
993 843 1076 928 πρὸς
1093 837 1155 908 τὸν

140 946 225 1017 dm}
249 948 312 1017 660
335 948 391 1016 καὶ
413 945 619 1033 τέταρτον,’
606 975 624 1016 ο
647 944 733 1016 όκτοδ
753 946 791 1015 δὲ
808 970 893 1032 ς
910 970 971 1014 τον
990 948 1024 1026 ἓξ
1043 949 1081 1012 ἓν
1099 945 1155 1012 καὶ

105 1061 262 1141 οτρίτον.
307 1053 549 1142 ἡκατοιγροιφη
573 1078 657 1140 αντη
681 1080 715 1139 ιη
765 1056 917 1140 666
980 1088 1051 1179 ᾗ

522 1192 524 1197 «
700 1078 1116 1224 &xv

207 1253 237 1317 9.
274 1255 468 1336 Σημείωσαι
489 1248 528 1318 τὸ
552 1248 652 1333 λόγος
673 1251 709 1317 ἐκ
732 1249 856 1335 λόγων·
890 1252 926 1316 ἐν
949 1253 996 1339 τῷ
1018 1249 1154 1337 πέμπτῳ

139 1359 200 1424 τοῦ
223 1353 350 1442 ὀγδόου
373 1352 394 1442 6
418 1355 580 1434 σύνθεσις
602 1352 739 1442 εὕρηται
761 1355 817 1423 καὶ
835 1351 856 1442 6
877 1358 1040 1441 διαίρεσις
1059 1356 1096 1422 ἐν
1113 1355 1154 1440 τῇ

139 1460 225 1550 ἀρχῇ
247 1462 381 1531 τοῦδ’.

211 1572 260 1636 10.
296 1570 520 1654 Πηλικότητες
542 1565 758 1654 λέγονται,’
738 1567 797 1652 αφ’
825 1558 867 1635 06
893 1566 1155 1655 παρωνόμαστιιι

88 1672 158 1750 106
182 1674 297 1760 λόγος,
330 1669 448 1743 loov‘
433 1702 452 1743 ο
475 1679 496 1746 ξ
523 1684 586 1742 τοῦ
610 1664 632 1741 6
658 1670 876 1760 ἡμιόλιος,“
860 1701 880 1761 η
909 1673 947 1742 δὲ
976 1672 1155 1760 πηλικότης

140 1779 245 1849 αὐτοῦ
279 1783 363 1865 ἐστι,
394 1777 618 1848 τουτέστιν’
599 1777 660 1866 αφ’
687 1770 729 1849 06
756 1780 1033 1868 παρωνόμάστιιι,
1065 1805 1083 1846 ο
1071 1772 1157 1857 ἐἷς

138 1885 253 1972 ἥμισυ,
277 1886 390 1973 ἐπειδὴ
414 1883 518 1973 ἔχει’
503 1914 521 1955 ο
546 1891 566 1958 ξ
587 1885 648 1954 τὸν
673 1876 700 1953 6
715 1885 826 1954 καὶ
793 1913 831 1954 το
857 1884 959 1973 ἥμισυ
982 1884 1097 1953 αὐτοῦ.

209 1997 257 2059 11.
290 1991 387 2060 Ἤτοι
414 1992 499 2081 πρὸς
525 1990 720 2078 άλλήλας”
698 2018 773 2078 ητοι
800 2006 902 2079 μοῖρα
925 1990 1007 2081 πρός
1030 2004 1154 2077 μοῖραν

139 2099 195 2163 καὶ
219 2111 320 2182 μοῖρα
338 2100 423 2183 πρὸς
441 2097 563 2166 λεπτὸν
582 2099 637 2165 καὶ
657 2099 771 2184 ἕτερον
790 2098 911 2167 λεπτὸν
930 2098 1013 2184 πρὸς
1032 2111 1155 2182 μοῖραν

88 2230 120 2278 15
140 2205 255 2288 ἑτέραν
279 2205 334 2270 καὶ
359 2204 480 2272 λεπτὸν
503 2206 586 2288 πρὸς
610 2204 739 2272 λεπτόν.
775 2206 885 2273 καλοί
907 2205 967 2291 μὲν
988 2204 1155 2289 ἐπιμόριοι

140 2303 214 2376 οἷον
244 2308 261 2377 6
286 2307 438 2396 ἡμιόλιος
461 2315 498 2378 ἓν
523 2307 571 2378 ιδν
599 2312 654 2378 καὶ
678 2309 782 2396 ἥμισυ
810 2311 864 2377 καὶ
889 2308 906 2378 6
932 2314 1094 2394 ἐπίτριτος
1117 2313 1155 2375 ’ἐν

139 2413 188 2483 66
206 2416 261 2483 καὶ
280 2423 394 2500 τρίτον
414 2418 738 2498 πολυπλασιάζοντοιι
759 2415 877 2495 οὕτως·
901 2415 987 2496 ἅπαξ
1006 2415 1043 2483 τὸ
1064 2420 1101 2482 ἓν
1117 2419 1154 2481 ’ἐν

139 2515 213 2589 οἷον
237 2522 340 2608 τυχὸν
364 2519 453 2605 ἓξάς,
481 2524 535 2589 καὶ
565 2520 649 2603 ἅπαξ
681 2521 718 2590 τὸ
743 2529 856 2606 τρίτον
879 2528 992 2607 τρίτον
1016 2516 1090 2588 οἷον
1115 2523 1155 2588 τὰ

139 2628 201 2696 δύο
233 2631 292 2713 τῆς
324 2624 455 2711 ἑξάδος,
489 2628 543 2694 καὶ
572 2626 658 2708 ἅπαξ
685 2631 723 2695 τὸ
753 2626 856 2713 ἥμισυ
879 2628 982 2713 ἥμισυ
1011 2621 1085 2694 οἷον
1114 2627 1154 2693 τὰ

86 2762 121 2806 ‘20
140 2741 215 2817 τρία
238 2737 296 2819 τῆς
319 2730 448 2813 ἑξάδος·
474 2732 551 2800 6606
574 2745 603 2800 ἓ·
629 2734 684 2800 καὶ
708 2732 863 2819 ἡμισάκις
885 2731 922 2800 τὸ
946 2734 979 2818 γ’
1004 2735 1110 2815 ἕκτον,
1136 2731 1154 2801 6

138 2853 208 2918 τοῖς
227 2851 244 2905 ἒ
267 2839 454 2922 προστεθὲν
473 2837 689 2926 ἀνεπλήρωσε
707 2839 770 2925 τὴν
790 2836 901 2923 ἑξάδα,
920 2840 975 2906 καὶ
996 2839 1072 2906 ἰδοὺ
1090 2839 1153 2907 660

140 2942 251 3026 ἑξάδος
275 2945 447 3012 διπλάσιοι
470 2949 528 3030 τῆς
551 2949 637 3030 μιᾶς.
683 2943 701 3012 6
725 2948 811 3030 γοῦν
834 2944 987 3072 ἡμιόλιος
1010 2947 1064 3012 ιιοδΙ
1090 2948 1155 3012 ἕπτ’-

138 3078 247 3135 τριτος
270 3056 405 3119 ποιοῦσι
428 3052 488 3118 τὸν
513 3053 703 3119 διπλάσιον
732 3057 793 3119 τοῦ
816 3051 880 3137 γὰρ
903 3054 1047 3136 τέσσαρα
1071 3052 1155 3135 πρὸς

138 3185 198 3225 του
217 3185 238 3242 γ
262 3156 471 3242 ἐπιτρίτου”
453 3184 550 3236 ουτος
573 3159 628 3224 καὶ
650 3163 711 3226 τοῦ
731 3186 751 3244 γ
773 3159 857 3242 πρὸς
880 3158 939 3226 τὸν
957 3152 978 3244 6
998 3156 1154 3244 ἡμιολίου

86 3289 120 3337 25
140 3266 175 3330 ἐκ
198 3269 264 3329 τῶν
287 3261 411 3347 ἄκρων,
434 3265 584 3331 τουτέστι
607 3269 668 3331 τοῦ
692 3266 835 3349 τέσσαρα
859 3265 914 3331 καὶ
937 3270 998 3333 τοῦ
1022 3259 1052 3350 6,
1076 3284 1153 3332 συν

139 3370 252 3455 άγεται
281 3367 298 3436 6
328 3365 569 3453 διπλάσιος,“
551 3396 588 3449 ος
615 3367 802 3455 εὑρίσκεται
830 3372 885 3437 καὶ
913 3369 1154 3456 ἀριθμητικῶς·

140 3471 214 3543 οἷον
234 3502 293 3542 του
279 3473 516 3561 ἐπιτριτου’
501 3503 518 3542 ο
535 3467 734 3561 δπρόλογος
748 3478 1054 3555 πολυπλασιασθεὶς
1073 3477 1152 3561 μετὰ

211 3619 290 3672 811.
364 3623 388 3671 9.
409 3617 444 3670 f¹
520 3622 561 3670 10
582 3617 660 3689 B6e
646 3617 724 3684 effi
744 3614 963 3672 sedhicmultis
984 3615 1052 3670 loeis
1072 3633 1153 3670 euan

177 3696 216 3742 ll.
237 3689 287 3753 V¹3
307 3706 369 3742 cum
388 3705 429 3742 nr.
450 3694 465 3742 7
485 3687 717 3756 coniungendum.

139 3790 351 3798 —-—

68 3878 97 3967 Ι
210 3837 233 3884 9.
254 3825 322 3901 ἄρ’]
342 3847 395 3885 om.
415 3829 556 3901 612.
577 3824 642 3882 ἐπεί
658 3831 682 3898 6.
