2414 4236
354 491 629 544 amasaeorum
646 491 756 542 amaa
772 490 844 545 mv.
1059 487 1100 553 31

87 639 199 698 antem
231 632 345 699 circuli
377 634 527 718 aequales
565 635 745 718 aequaliter
777 656 797 698 a
828 639 940 699 centro
978 633 1102 698 distant

87 739 267 820 [Theodos.
290 739 416 823 sphaer.
439 738 468 823 I,
491 741 526 821 6]
533 789 542 822 ,
568 745 675 805 rectae
704 761 724 804 a
747 743 857 805 centro
881 739 1037 823 sphaerae
1061 740 1101 804 ad

86 846 187 930 plana
208 845 404 911 circulorum
419 846 701 931 perpendiculares
721 847 835 912 ductae
855 847 1006 930 aequales
1026 848 1101 909 sunt

85 956 120 1016 et
142 952 177 1016 iu
200 956 313 1017 centra
336 951 530 1017 circulorum
554 952 679 1018 eadent.
712 974 810 1036 quare
829 956 969 1016 rectaea
988 955 1100 1016 centro

86 1057 245 1141 sphaerae
273 1058 314 1123 ad
342 1056 454 1123 centra
481 1058 675 1124 circulorum
698 1057 1040 1142 comprehendentium
1067 1061 1101 1122 et

85 1164 291 1249 triangulum
318 1165 477 1230 icosaedri
505 1170 538 1230 et
565 1169 786 1250 pentagonum
815 1163 1006 1229 dodecaedri
1028 1185 1101 1246 per-

85 1269 311 1354 pendiculares
335 1270 449 1336 ductae
472 1271 625 1356 aequales
650 1277 734 1336 sunt.
772 1272 882 1354 itaque
905 1268 1101 1354 pyramides,

86 1397 170 1460 quae
183 1376 279 1441 bases
293 1376 417 1442 habent
429 1381 618 1463 pentagona
632 1376 832 1460 dodecaedri,
851 1381 884 1441 et
903 1397 986 1460 quae
1005 1375 1100 1439 bases

86 1482 211 1548 habent
224 1483 407 1568 triangulos
421 1483 589 1567 icosaedri,
605 1485 738 1549 eandem
754 1483 959 1548 altitudinem
969 1482 1100 1546 habent.

84 1588 271 1672 pyramides
299 1594 423 1672 autem,
455 1612 538 1674 quae
566 1591 701 1655 eandem
732 1590 936 1654 altitudinem
969 1588 1101 1669 habent,

85 1716 158 1759 eam
181 1695 267 1759 inter
290 1718 324 1760 se
347 1696 506 1762 rationem
533 1695 658 1761 habent
685 1718 782 1780 quam
811 1696 906 1760 bases
936 1693 1031 1777 [XII,
1055 1694 1100 1774 6].

84 1801 197 1895 itaque
228 1806 266 1866 ut
293 1806 514 1887 pentagonum
547 1803 588 1867 ad
619 1803 833 1888 triangulum,
865 1802 912 1866 ita
945 1801 1100 1885 pyramis,

86 1907 177 1970 cuius
205 1906 293 1971 basis
323 1911 373 1971 est
401 1912 637 1992 pentagonum,
669 1913 782 1973 uertex
811 1913 920 1973 antem
952 1910 1099 1972 centrum

87 2011 254 2095 sphaerae,
273 2012 314 2077 ad
328 2014 542 2098 pyramidem,
561 2036 642 2098 quae
657 2015 762 2079 basim
776 2013 876 2079 habet
889 2012 1100 2099 triangulum,

86 2118 244 2185 uerticem
272 2124 382 2185 autem
410 2125 558 2186 centrum
586 2117 752 2205 sphaerae.
803 2142 901 2205 quare
935 2121 1032 2184 etiam
1062 2122 1100 2183 ut

88 2225 256 2290 duodecim
270 2231 456 2312 pentagona
470 2226 510 2291 ad
525 2227 642 2312 uiginti
657 2227 850 2312 triangulos,
869 2227 916 2290 ita
930 2225 1099 2289 duodecim

86 2331 273 2415 pyramides
296 2332 392 2397 bases
417 2338 620 2416 pentagonas
643 2332 802 2398 habentes
829 2332 870 2396 ad
897 2330 1015 2415 uiginti
1042 2351 1099 2412 py-

86 2437 226 2502 ramides
246 2438 340 2502 bases
360 2437 543 2523 triangulas
562 2438 730 2504 habentes.
758 2443 792 2502 et
805 2436 974 2503 duodecim
988 2438 1099 2518 penta·

87 2564 175 2628 gona
208 2543 393 2628 superficies
426 2549 477 2608 est
509 2543 711 2626 dodecaedri,
747 2545 868 2629 uiginti
902 2547 1010 2608 autem
1042 2541 1099 2605 tri-

86 2649 198 2734 anguli
235 2647 421 2732 superficies
457 2650 624 2715 ieosaedri.
684 2651 795 2735 itaque
837 2655 874 2714 ut
911 2648 1098 2733 superficies

85 2753 277 2821 dodecaedri
314 2754 353 2818 ad
392 2755 593 2840 superficiem
629 2756 805 2837 icosaedri,
846 2758 893 2820 ita
929 2754 1098 2821 duodecim

83 2860 273 2946 pyramides
291 2859 387 2924 bases
405 2864 609 2945 pentagonas
626 2861 784 2926 habentes
804 2860 845 2924 ad
863 2860 981 2943 uiginti
1001 2880 1098 2942 pyra-

83 2968 308 3059 midesbases
331 2968 513 3052 triangulas
537 2967 704 3033 habentes.
750 2973 782 3032 et
810 2966 976 3032 duodecim
1005 2986 1098 3048 pyra·

83 3074 191 3140 midas
214 3075 309 3138 bases
332 3079 535 3159 pentagonas
562 3074 720 3138 habentes
749 3073 901 3137 uolumen
929 3074 979 3133 est
1006 3068 1098 3132 dode·

81 3231 198 3286 PBVv.
254 3237 278 3285 2.
299 3227 346 3357 αξ)
361 3232 461 3301 (prius)
476 3246 530 3284 om.
544 3228 581 3285 Μ.
637 3235 679 3283 12.
695 3223 769 3283 ἐστιν
784 3227 814 3282 Ρ.
869 3220 1098 3311 τό]τὸτοῦδω-

83 3302 244 3372 δεκαέδρου
260 3300 309 3355 ΡΒ
347 3321 372 3358 r.
429 3308 471 3356 1³.
489 3296 542 3368 τήν
557 3301 679 3369 (alt.)-
696 3306 737 3354 14.
756 3297 804 3369 τό]
824 3289 857 3366 ἧς
871 3299 952 3382 βασις
966 3293 1017 3364 μέν
1033 3297 1097 3365 (om.

82 3372 147 3442 ΡΒ)
163 3369 222 3428 ἐστι
237 3369 268 3427 τὸ
284 3374 335 3428 τοῦ
351 3370 535 3441 εἰκοσαέδρου
549 3369 662 3427 PBVv.
718 3376 760 3425 14.
770 3388 881 3437 κορυφη
891 3367 914 3419 Ρ
920 3366 1003 3421 BVv.
1056 3370 1097 3420 15.

81 3450 216 3525 δώδεκα]
236 3445 263 3507 ι’
280 3452 306 3507 V
325 3453 410 3508 etsie
429 3450 549 3521 saepius.
613 3455 654 3506 16.
675 3448 778 3519 εἴκοσι]
797 3448 863 3514 Π,
882 3450 911 3502 et
925 3445 965 3500 sie
979 3445 1098 3514 saepius.

125 3529 166 3579 18.
186 3456 330 3596 pr'vfom.
344 3520 458 3578 PBVv.
519 3528 561 3577 19.
582 3517 738 3590 ἐπιφάνειά
754 3517 829 3575 ἐστιν
843 3517 954 3574 PBVv.
1010 3519 1099 3572 elusor

83 3627 118 3637 -
134 3601 178 3651 20.
193 3590 363 3666 ἐπιφάνεια]
383 3610 437 3650 om.
452 3593 482 3649 P.
538 3598 580 3648 20.
602 3587 769 3662 ἐπιφάνεια]
789 3606 858 3646 corr.
869 3607 902 3644 ex
918 3584 1058 3658 ἔπιφοὶυια
1073 3607 1098 3644 u.

81 3666 193 3723 Deinde
209 3665 274 3722 add.
295 3661 370 3721 ἐστιν
388 3664 473 3721 BVv.
527 3670 570 3719 21.
590 3661 775 3730 εἰκοσαέδρου
796 3659 969 3730 ἐπιφάνειαν
987 3659 1099 3719 PBVv,

80 3738 324 3821 fizfflssridssu
338 3742 420 3801 PBy.
477 3742 573 3817 βάσεις
587 3743 701 3815 ἔχουσαι
715 3742 827 3799 PBVv.
882 3746 924 3796 23.
940 3736 1054 3808 ἔχουσαι
1068 3738 1098 3792 Ρ.

120 3842 164 3892 24.
179 3827 228 3909 Ie]
250 3833 366 3889 δώδεκα
384 3831 464 3891 ΡΒυ.
519 3839 561 3890 26.
581 3829 783 3909 δωδεκαέδρου
800 3866 835 3877 -
848 3838 895 3894 hh.
913 3829 989 3907 soil
1004 3829 1116 3888 omni
