2414 4236
229 432 385 486 SCHOLIA
404 436 443 486 IN
462 435 736 487 ELEMENTORUM
756 437 896 488 LIBRUM
909 438 930 490 1.
1017 435 1079 498 211

64 580 140 660 ΓΔ,
162 575 218 643 καὶ
241 571 307 642 ἀπὸ
331 572 393 660 μὲν
414 576 475 661 τῆς
492 580 558 641 ΑΒ
582 572 833 661 ἀναγεγράφθω
856 573 894 644 τὸ
914 583 991 662 ΑΒ,
1016 573 1081 645 ἀπὸ

65 680 104 749 δὲ
132 685 191 767 τῆς
213 686 276 748 ΓΔ
303 678 340 747 τὸ
366 684 442 764 ΓΖ,
475 681 534 746 καί
560 678 879 768 ἐπεζεύχθωσαναί
900 688 982 767 ΗΒ,
1005 689 1081 750 ΘΔ.

64 787 133 855 ἐπεί
153 779 217 854 οὖν
235 789 272 853 αί
289 792 366 871 ΑΒ,
387 791 449 853 ΓΔ
470 793 538 853 ίσαι
557 787 612 853 καὶ
632 791 670 854 αί
685 795 767 871 ΑΗ,
788 794 859 873 ΓΘ,
882 788 938 855 καὶ
956 795 1082 874 γωνίας

64 900 138 972 ίσας
160 893 362 980 περιέχουσι,
385 893 441 959 καὶ
465 889 485 978 ἡ
510 899 578 959 ΗΒ
601 896 641 980 τῇ
666 901 732 961 ΘΔ
757 902 811 980 ίση
835 895 890 961 καὶ
913 892 951 961 τὸ
975 901 1081 964 ΗΑΒ

61 995 228 1085 τρίγωνον
246 1001 293 1089 τῷ
312 1003 409 1065 ΘΓΔ
427 998 590 1089 τριγώνῳ.
626 999 745 1066 καὶτὰ
770 999 929 1067 θιττίοίσια
953 1000 1078 1070 αὐτῶν·
1116 1022 1133 1071 ο

60 1103 98 1173 τὸ
118 1102 184 1190 ἄρα
199 1111 268 1171 ΑΒ
288 1107 333 1194 τῷ
348 1109 410 1170 ΓΖ
430 1110 515 1172 ἴσον.
547 1103 631 1174 ἀλλὰ
647 1103 713 1192 μὴν
729 1107 784 1173 καὶ
798 1107 835 1174 τὸ
851 1103 1079 1195 ἀντίστροφον

60 1207 194 1296 ἀληθές.
237 1212 268 1276 εί
289 1206 353 1294 γὰρ
377 1207 417 1275 τὰ
440 1209 634 1297 τετράγωνα
657 1220 728 1297 ίσα,
754 1212 809 1279 καί
832 1215 870 1279 αί
890 1210 1021 1281 εὐθεῖαι
1045 1217 1082 1281 αί

60 1313 119 1402 ἀφ’
140 1305 190 1382 ῶν
214 1312 463 1401 ἀναγέγραπται
494 1322 563 1383 ίσαι
587 1323 729 1386 ἔσονται.
774 1323 857 1386 ἔστω
881 1317 947 1407 γὰρ
967 1319 1079 1407 τετρῶ-

489 1450 581 1509 γωνα
618 1433 674 1491 ίσα
706 1423 747 1492 τὰ
784 1432 866 1510 ΑΖ,
898 1431 983 1510 ΗΓ,
1023 1427 1079 1494 καὶ

488 1538 614 1598 κείσθω
639 1529 722 1599 ῶστε
751 1529 800 1599 ἐπ’
827 1528 964 1611 εὐθείας
990 1530 1078 1600 εἶναι
1098 1553 1132 1602 10

488 1635 551 1723 τὴν
579 1645 645 1706 ΑΒ
673 1642 712 1725 τῇ
741 1643 812 1704 ΒΓ.
866 1635 983 1722 ὀρθῶν
1012 1635 1078 1724 ἄρα

425 1776 457 1832 ῃ
489 1741 603 1813 οὐσῶν
626 1747 694 1812 τῶν
715 1746 851 1829 γωνιῶν
871 1738 920 1810 ἐπ’
942 1739 1079 1823 εὐθείας

488 1851 543 1918 καὶ
571 1847 592 1937 ἡ
620 1857 681 1918 ΖΒ
709 1854 748 1938 τῇ
777 1856 850 1916 ΒΗ
878 1854 978 1917 ἔσται.
1024 1851 1077 1918 ἐπ-

488 1959 699 2044 εζεύχθωσαν
724 1959 761 2023 αί
783 1961 853 2040 ΖΓ,
876 1964 909 2024 Α
917 1962 960 2023 Η.
1007 1953 1077 2022 ἐπεὶ

418 2047 422 2121 ί
489 2055 551 2133 οὐν
572 2072 646 2131 ίσον
664 2063 701 2129 τὸ
719 2071 750 2129 Α
756 2068 783 2127 Ζ
800 2060 1012 2147 τετράγωνον
1030 2064 1074 2152 τῷ
1096 2082 1130 2133 15

239 2153 270 2210 Γ
418 2137 451 2197 Ε
488 2176 565 2256 ΓΗ,
584 2169 640 2236 καί
654 2167 738 2236 τὸΑ
745 2174 804 2233 ΖΒ
819 2173 986 2253 τρίγωνον
1000 2174 1076 2234 ἴσον

56 2281 104 2369 τῷ
120 2284 227 2346 ΓΒΗ
240 2277 402 2369 τριγῶνῳ.
435 2274 553 2345 κοινὸν
572 2278 785 2362 προσκείσθω
802 2270 960 2339 τὸΒΓΖ.
993 2269 1075 2339 ὅλον

57 2383 125 2469 ἄρα
148 2382 186 2451 τὸ
206 2389 305 2451 ΑΓΖ
330 2391 406 2451 ίσον
428 2388 474 2474 τῷ
494 2387 605 2450 ΓΖΗ.
644 2377 857 2466 παράλληλος
880 2375 946 2461 ίίρα
964 2375 984 2463 ἡ
1004 2383 1078 2444 ΑΗ

56 2494 97 2578 τῇ
121 2496 182 2558 ΓΖ
211 2489 267 2558 διὰ
295 2489 333 2557 τὸ
357 2492 425 2558 ίθ’.
471 2488 574 2557 πάλιν
602 2486 672 2554 ἐπεὶ
699 2481 833 2571 ἡμίσεια
861 2481 969 2571 ὀρθῆς
996 2479 1017 2569 ἦ
1040 2508 1075 2551 τε

55 2593 122 2667 ὑπὸ
139 2604 238 2664 ΑΖΒ
257 2596 313 2664 καὶ
331 2593 352 2682 ἡ
371 2595 437 2663 ὑπὸ
454 2601 566 2680 ΓΗΒ,
585 2591 796 2681 παράλληλος
815 2588 834 2677 ἡ
851 2597 916 2658 ΑΖ
934 2594 974 2677 τῇ
993 2595 1073 2657 ΓΗ·
1093 2612 1128 2662 20

57 2701 198 2784 ἐναλλὰξ
221 2702 287 2791 γάρ
311 2707 406 2770 εἰσιν.
453 2699 580 2769 οὐκοῦν
605 2707 659 2786 ίση
683 2696 704 2785 ἡ
730 2705 794 2766 ΑΖ
817 2701 857 2785 τῇ
881 2702 960 2765 ΓΗ·
993 2721 1074 2783 παρ-

58 2809 341 2896 αλληλογράμμου
368 2809 432 2894 γα’ρ
461 2811 547 2876 εἰσιν
575 2803 788 2874 ἀπεναντίον.
833 2804 902 2871 ἐπεὶ
935 2801 976 2890 δὴ
1010 2801 1073 2870 δύο

58 2913 205 3001 τρίγωνά
240 2916 307 2983 ἐστι
338 2913 379 2981 τὰ
413 2920 530 2998 ΑΒΖ,
558 2917 664 2979 ΒΓΗ
691 2909 751 2990 τὰς
783 2907 923 2989 ἐναλλὰξ
956 2914 1073 2996 ἔχοντα

57 3025 184 3107 γωνίας
206 3029 280 3101 ίσας
301 3022 357 3088 καί
380 3025 462 3107 μίαν
485 3017 633 3104 πλευρὰν
661 3016 724 3104 τὴν
749 3023 813 3084 ΑΖ
840 3019 880 3103 τῇ
904 3020 988 3097 ΓΗ,
1017 3022 1072 3100 ίση

56 3130 150 3195 ἔσται
175 3128 232 3197 καὶ
259 3124 279 3214 ἡ
305 3134 371 3194 ΑΒ
400 3130 438 3214 τῇ
468 3132 535 3193 ΒΓ
562 3128 617 3194 καί
646 3123 666 3212 ἡ
691 3129 753 3191 ΖΒ
781 3125 821 3210 τῇ
845 3128 928 3207 ΒΗ,
962 3123 995 3202 ἐξ
1023 3112 1072 3189 ῶν
1091 3141 1125 3192 26

56 3231 256 3322 ἆνεγροίφθη
281 3231 321 3301 τὰ
344 3232 546 3320 τετράγωνα.

128 3444 170 3502 De
189 3445 281 3518 figura
298 3445 391 3516 priore
410 3464 437 3500 u.
457 3443 573 3499 Proclus
591 3461 617 3513 p.
636 3448 697 3498 424.

130 3648 153 3696 1.
173 3641 242 3712 ΑΕ]
262 3639 292 3694 in
310 3655 363 3695 τοι.
382 3638 417 3696 V.
500 3643 523 3692 8.
543 3633 799 3706 ὐναγεγροίφαταιθ
818 3636 851 3691 V.
934 3641 977 3690 13.
996 3639 1053 3689 ΒΗ

56 3728 213 3797 suprascr.
232 3711 300 3768 PV.
357 3716 398 3767 18.
418 3707 486 3781 ἄρα]
503 3709 601 3780 (prius)
617 3725 663 3763 om
678 3706 716 3773 V;
736 3724 788 3763 ras.
806 3708 857 3762 est.
912 3713 955 3762 20.
974 3711 1050 3761 AZB

56 3788 78 3840 Ζ
95 3803 127 3840 ιιι
143 3800 199 3839 τοι.
217 3782 251 3839 V.

861 3866 917 3926 W*
