2414 4236
146 492 208 555 120
295 492 453 546 sellom
471 494 510 547 m
528 488 804 547 mmmmm
819 484 992 541 mun

141 650 287 738 ἀλλήλας
309 640 519 738 τίμνοιεν,’ή
543 654 592 730 είς
613 658 671 719 ίσα
692 650 868 737 τέμνονται
883 640 942 715 ὑπ’
956 634 1150 731 δλλήλωνή

143 761 190 837 είς
213 755 315 827 ἄνισα
337 754 359 845 ή
383 755 404 845 ή
427 757 490 844 μὲν
512 762 560 839 είς
582 766 651 844 λσα,
672 753 694 844 ή
717 755 756 825 δὲ
777 758 827 835 είς
844 751 958 838 ἄνισα,
978 748 1034 819 καὶ
1050 750 1151 819 τοῦτο

143 868 252 952 διχῶς.
279 868 384 932 ταῦτα
398 863 462 950 γὰρ
481 864 591 933 πάντα
608 868 778 933 ποικιλίαν
792 858 873 951 ήμίν
884 858 941 929 ml
952 850 1156 945 θαυμαστὴ*

142 972 316 1057 παρέχεται
339 978 541 1058 γυμνασίαν.

101 1193 117 1239 5
518 1168 575 1233 Ad
598 1190 704 1254 prop.
726 1167 783 1234 lv.

209 1294 261 1358 27.
291 1287 461 1359 Ἐνταῦθα
486 1290 549 1359 δόο
573 1293 635 1377 μέν
657 1294 723 1358 είσι
744 1287 786 1357 τὰ
810 1286 988 1375 δεδομένα,
1015 1286 1093 1369 τρία
1115 1278 1154 1349 δδ

141 1394 181 1464 τὰ
207 1399 400 1483 ζητούμενα.
445 1399 580 1466 δέδοται
607 1396 670 1485 μὲν
699 1395 762 1465 δύο
784 1396 939 1480 πλευρῶν
960 1388 1076 1476 ἰσότης
1095 1386 1154 1457 ταί

141 1509 267 1588 γωνίας
290 1503 374 1588 πρὸς
396 1510 525 1589 γωνίαν
548 1502 673 1590 ίσότης,
697 1508 837 1589 ζητεῖται
856 1498 894 1568 δὲ
911 1494 933 1587 ή
950 1500 1008 1583 τῆς
1024 1492 1154 1583 βᾶσέθσ

141 1607 227 1695 πρὸς
247 1607 310 1695 τήν
333 1608 435 1694 βόσιν
459 1609 583 1696 ἰσότης,
606 1607 628 1697 ἡ
646 1612 708 1677 τοῦ
729 1606 898 1694 τριγώνου
919 1601 1002 1691 πρὸς
1023 1600 1063 1670 τὸ
1083 1604 1152 1687 τρί-

90 1738 123 1787 10
142 1741 267 1799 γωνον,
290 1714 311 1800 ἡ
334 1719 403 1784 τών
427 1720 555 1784 λοιπῶν
577 1721 714 1803 γωνιῶν
736 1712 820 1800 πρὸς
840 1712 900 1792 τὰς
921 1709 1049 1789 λοιπός.

208 1824 261 1888 28.
284 1818 355 1889 Ὅτι
377 1820 543 1908 πρότερόν
567 1824 636 1890 ἐστι
653 1820 692 1891 τὸ
710 1826 779 1891 τών
797 1814 1039 1907 προβλημότων
1057 1813 1155 1901 γένος

141 1926 203 1993 τοῦ
234 1929 302 1993 τών
334 1927 579 2013 θεωρημάτων,
612 1928 699 1997 διότι
728 1926 786 1996 διὰ
813 1929 883 1995 τών
909 1918 1153 2009 προβλημώτοιν

142 2029 398 2113 ἀνευρίσκονται
416 2031 457 2100 τὰ
477 2033 659 2120 ζητούμενα
678 2032 811 2121 περὶτὰ
830 2028 1054 2118 συμπτώματα
1070 2022 1153 2094 ὕπο-

141 2138 291 2220 κείμενα,
321 2138 376 2205 καλ
400 2136 509 2218 ἄλλως
532 2137 584 2207 ότι
606 2145 668 2208 τοῦ
691 2140 753 2226 μὲν
775 2136 1007 2224 προβλήματος
1029 2128 1050 2220 ἢ
1073 2128 1152 2216 ⁹20⁶·

90 2267 122 2314 ιτ
141 2261 235 2321 τασις
259 2240 346 2331 ἇπλή
372 2246 440 2313 ἐστι
463 2246 519 2313 καὶ
542 2245 649 2332 πάσης
668 2248 826 2332 ἐντέχνου
848 2244 1014 2320 συνέσεως
1030 2235 1153 2323 ἀπροσ-

143 2346 229 2433 δεής,
251 2354 313 2417 τοῦ
335 2350 372 2418 δὲ
390 2352 609 2439 θεωρήματος
627 2351 777 2437 ἐργώδης
795 2350 850 2417 καλ
869 2351 993 2432 πολλῆς
1011 2344 1153 2431 δεομένη

141 2452 319 2538 ἀκριβείας.
803 2520 807 2525 .

209 2564 261 2626 29.
284 2557 324 2625 Ὃ
350 2564 454 2647 λε’γει,
484 2564 642 2632 τοιοῦτόν
671 2566 775 2632 ἐστιν·
811 2567 843 2629 εί
868 2559 932 2648 γὰρ
960 2557 1000 2626 τὰ
1028 2557 1152 2640 πέρατα

142 2663 324 2748 ἐφαρμόσει
347 2670 415 2733 τών
438 2666 571 2749 βάσεων
594 2667 762 2754 ἀλλήλοις,
786 2666 1016 2755 ἐφαρμόσουσι
1038 2663 1094 2730 καί
1118 2665 1155 2730 αί

87 2792 123 2840 20
142 2770 269 2851 βάσεις,
303 2773 334 2835 εί
359 2769 397 2837 δὲ
425 2771 485 2856 μή,
519 2773 581 2842 δόο
613 2773 745 2842 εὐθεῖαι
778 2780 902 2861 χωρίον
933 2772 1154 2855 περιέξουσιν·

141 2872 223 2959 ὅπερ
247 2872 425 2943 ἀδύνατον.

208 2985 259 3048 30.
306 2986 412 3049 Τοῦτο
444 2988 577 3068 πρῶτον
610 2985 772 3073 θεώρημα
804 2985 1073 3072 παρειλήφαμεν,
1111 2980 1152 3050 τὰ

142 3086 179 3153 δὲ
201 3085 266 3170 πρὸ
290 3088 413 3156 τούτου
435 3091 686 3176 προβληματικόι
710 3085 764 3178 ήυ,
786 3091 824 3162 τὸ
844 3093 905 3180 μὲν
925 3095 1058 3178 πρώτον
1075 3088 1154 3176 περὶ

139 3191 202 3277 τήν
229 3197 296 3261 τών
324 3193 499 3279 τριγώνων
526 3198 658 3280 γε’νεσιν
685 3199 1018 3285 πραγματευόμενον,
1050 3195 1087 3262 τὸ
1117 3194 1156 3261 δὲ

89 3319 123 3367 25
144 3297 303 3383 δεύτερον
330 3299 386 3366 καὶ
413 3306 526 3387 τρίτον
559 3310 637 3389 ἴσην
669 3302 809 3372 εὐθεῖαν
840 3303 946 3390 ἄλλην
979 3302 1062 3390 όλλη
1094 3325 1155 3369 πο-

141 3409 303 3487 ρίσασθαι
317 3407 551 3492 προτιθέμενα.
574 3409 627 3476 ἐπὶ
641 3408 764 3477 τούτου
780 3410 816 3478 δὲ
831 3409 994 3495 ἀνέλαβεν
1008 3406 1156 3491 πλευρὰς

141 3516 215 3587 ἴσας
246 3516 405 3592 πλευραῖς
436 3512 491 3579 καὶ
524 3512 660 3594 εὐθείας
692 3524 766 3595 ἴσας
793 3513 943 3595 εὐθείαις
970 3516 1026 3582 καὶ
1053 3518 1154 3582 τοῦτο

211 3629 308 3721 ιαἰἶ.
381 3674 423 3723 νε.
444 3671 479 3724 ν.
552 3677 596 3728 ω.
614 3673 651 3727 f1.
725 3680 768 3729 ω.
787 3675 817 3728 1‘.

216 3814 239 3862 1.
258 3807 397 3880 tim-om]
418 3810 598 3880 τεμτέμνοιεν
619 3813 647 3866 Ρ.
722 3821 747 3870 2.
768 3810 784 3884 ή
804 3810 821 3883 ή
844 3848 874 3855 -
897 3811 926 3887 ή]
947 3814 975 3870 εί
991 3814 1021 3869 Ρ.
