2414 4236
220 440 378 494 εοωοειε
396 443 434 494 m
453 443 730 495 εεεαεωεοευυ
748 443 923 496 mnam
1010 439 1076 506 209

61 580 279 674 ὀρθογωνίω,
309 571 351 650 ού
378 578 399 668 ἡ
428 582 489 669 μὲν
513 584 549 650 ἐκ
570 586 633 651 τοῦ
654 585 799 670 κέντρου
822 589 878 668 ἴση
902 583 993 650 ἐστὶν
1017 587 1076 672 μιᾷ

59 693 128 757 τῶν
151 690 227 777 περὶ
249 686 311 776 τὴν
335 686 457 775 ὀρθήν,
480 686 501 775 ἡ
521 688 559 757 δὲ
577 694 773 778 περίμετρος
791 693 830 777 τῇ
848 686 955 774 βάσει.
991 685 1076 757 άλλά

58 793 249 882 ταῦταμὲν
272 796 310 863 ἐν
333 793 455 875 ἄλλοις.

129 905 201 971 143.
243 905 351 970 Τοῦτο
378 900 651 990 καθολικώτερον
679 905 748 970 τών
773 899 839 988 πρὸ
864 898 982 970 αὐτοῦ·
1020 901 1074 971 διὸ

58 1010 115 1077 καί
143 1005 189 1088 ώς
215 1009 385 1096 λήμμασιν
413 1010 555 1088 ἐκείνοις
580 1011 709 1096 χρῆται.
754 1006 854 1074 παντί
881 1005 945 1093 γάρ
973 1014 1076 1076 πολυ-
1112 1032 1129 1082 ε

59 1113 160 1205 γώνμ
193 1121 269 1183 ἰσον
295 1111 505 1202 ὑπισχνεῖται
532 1111 688 1181 πλάττειν
718 1111 1076 1201 παραλληλόγραμμον.

60 1219 192 1289 διαλύει
211 1219 249 1288 δὲ
267 1218 309 1288 τά
327 1220 509 1307 πολύγωνα
523 1223 571 1300 εἰς
584 1224 732 1305 τρίγωνα
745 1220 801 1287 καὶ
815 1233 886 1298 τοῖς
899 1218 1077 1304 τριγώνοις

59 1335 116 1394 ίσα
149 1331 347 1412 συνίστησιν
380 1328 417 1394 ἰν
444 1336 484 1414 τῇ
513 1330 654 1413 δοθείσῃ
682 1330 790 1416 γωνία
816 1323 869 1394 άεί
896 1324 985 1411 παρὰ
1014 1324 1075 1412 τὴν

58 1436 121 1501 τοῦ
149 1435 377 1513 συσταθέντος
404 1432 554 1517 πλευράν
580 1445 652 1512 τοῖς
680 1431 857 1518 τριγώνοις
884 1440 940 1500 ίσα
972 1455 1075 1520 παρα·

59 1541 196 1624 βάλλων
217 1539 554 1627 παραλληλόγραμμα.
591 1541 627 1606 έιι
649 1537 773 1607 τούτου
796 1539 836 1606 δέ
852 1559 935 1625 φασι
953 1539 1009 1606 καὶ
1028 1543 1076 1618 εἰς
1095 1566 1129 1615 10

61 1643 198 1732 ζήτησιν
225 1650 285 1713 τοῦ
312 1645 373 1714 τὸν
401 1645 528 1714 κύκλον
555 1650 857 1731 τετραγωνίζεσθαι
884 1653 1075 1732 προελθεῖν.

58 1748 229 1838 ὑπέλαβον
251 1753 331 1839 γάρ,
361 1750 406 1833 ώς
430 1760 480 1838 εἰη
503 1752 559 1819 καί
581 1765 653 1831 τοῖς
675 1750 720 1838 μὴ
745 1749 996 1840 εὐθυγράμμοις
1020 1759 1075 1818 ἰσα

59 1856 403 1946 παραλληλόγραμμα·
423 1856 508 1926 ὅθεν
523 1855 541 1926 ὁ
555 1856 753 1945 Ἀρχιμίδης
767 1855 888 1945 σχεδὸν
902 1855 1075 1941 ἀπέδειξεν

59 1968 172 2051 τοῦτο,
194 1962 267 2032 ἀλλ’
290 1962 381 2052 ὅμως
403 1990 440 2050 γε
463 1969 714 2051 παρελογίσατο.

379 2180 392 2207 ·
409 2163 466 2227 Ad
488 2184 593 2247 prop.
616 2159 732 2225 XLVI.
1094 2181 1127 2230 1⁶

130 2288 202 2351 144.
240 2292 307 2351 Δεί
327 2283 389 2370 μὲν
412 2281 493 2370 ἡμῖν
515 2287 577 2349 τοῦ
600 2279 656 2367 μς’
681 2281 915 2367 προβλήματος
938 2285 986 2361 εἰς
1011 2281 1074 2368 τὴν

58 2386 269 2475 κατασκευὴν
287 2392 348 2457 τοῦ
368 2388 430 2473 μζῖ
463 2389 574 2456 ἰστέον
594 2387 642 2470 δέ,
662 2384 713 2454 ὅτι
727 2388 795 2453 τῶν
809 2382 957 2473 άρίστων
975 2382 1075 2455 εύθυ·

59 2495 224 2585 γράμμων
239 2496 301 2564 δύο
315 2499 376 2563 τοῦ
395 2493 599 2580 ἰσοπλεύρου
616 2491 785 2581 τριγώνου
802 2492 858 2560 καί
873 2490 1076 2581 ἰσοπλεύρου

58 2601 273 2690 τετραγώνου
303 2603 449 2688 γενέσεις
481 2596 761 2687 παραδέδωκενὸ
794 2598 1005 2687 στοιχειωτὴς
1038 2602 1075 2668 έν

58 2723 131 2788 τοῖς
152 2705 218 2793 πρὸ
241 2707 371 2776 τούτων
394 2707 449 2775 καί
473 2710 510 2775 ἐν
532 2705 681 2790 τούτοις,
709 2705 797 2774 διότι
823 2707 879 2774 καὶ
905 2705 989 2796 πρὸς
1011 2705 1074 2793 τὴν
1094 2727 1128 2776 20

59 2813 225 2882 σύστασιν
247 2818 316 2882 τών
338 2817 509 2900 κοσμικών
533 2812 712 2901 σχημάτων
733 2817 804 2881 τών
826 2805 848 2879 δ
870 2813 1074 2881 καὶτούτων

60 2919 205 3007 μάλιστα
226 2925 318 3007 χρεία
341 2925 410 2989 τών
433 2919 696 3006 εὐθυγράμμων·
719 2918 757 2987 τὸ
782 2917 843 3005 μὲν
861 2917 926 3004 γάρ
946 2918 1073 2986 εἰκοσά-

60 3029 165 3114 εδρον
191 3026 248 3095 καί
273 3024 310 3095 τὸ
338 3025 522 3115 ὀκτάεδρον
548 3027 604 3094 καὶ
632 3023 652 3112 ἡ
679 3026 825 3111 πυραμὶς
853 3026 888 3092 ἐκ
915 3027 983 3093 τών
1007 3029 1073 3092 ἰσο-

58 3133 216 3216 πλεύρων
248 3131 417 3220 σύγκειται
450 3131 641 3219 τριγώνων,
677 3129 695 3199 ὁ
733 3129 771 3200 δὲ
806 3129 911 3217 κύβος
940 3132 975 3198 έιι
1006 3133 1074 3200 τών

58 3237 288 3324 τετραγώνων.
333 3237 541 3323 πρεπόντως.
555 3238 593 3307 δὲ
616 3238 672 3306 καὶ
694 3234 732 3306 τὸ
756 3236 818 3323 μὲν
841 3237 1074 3324 συστήσασθαι
1093 3258 1128 3309 2⁶

59 3347 162 3430 λέγει·
194 3341 240 3424 ὡς
262 3343 328 3432 γάρ
352 3347 388 3413 ἐκ
411 3349 546 3414 πολλάν
570 3343 861 3432 συγκροτούμενον
885 3342 1075 3424 συστάσεως

133 3545 194 3595 148.
212 3538 374 3609 PBFvat.;
394 3538 435 3604 είς
452 3536 485 3595 τὸ
503 3536 550 3613 με’
570 3538 663 3594 Fvat.
737 3544 796 3594 144.
816 3537 857 3594 V*
871 3539 935 3610 (sq).

60 3661 274 3669 —---—-

132 3723 158 3772 4.
176 3718 246 3790 τῶν]
265 3719 316 3773 τοῦ
335 3717 426 3774 FVat.
495 3723 520 3773 8.
540 3714 572 3773 έν
606 3713 637 3772 ἐν
656 3714 688 3772 δι’
707 3714 739 3772 B.
814 3722 855 3774 10.
875 3715 920 3790 δέ]
940 3718 1074 3775 om.Vat.

99 3792 142 3843 1³.
161 3780 234 3844 ὅθεν
252 3819 287 3830 -
306 3793 349 3844 14.
367 3791 571 3860 παρελογίοατο
605 3805 659 3844 om.
678 3787 708 3842 P.

115 3886 264 3940 εοοωοη,
278 3888 327 3929 εει,
341 3889 446 3941 flamm
457 3892 482 3932 α
493 3889 584 3943 nenne.
606 3888 633 3933 v.
889 3886 929 3938 44
