2414 4236
230 507 387 561 scnom
405 508 444 559 IN
462 507 738 560 ELEMENTORUM
755 508 894 560 LIBRUM
907 509 928 561 I.
1018 505 1079 571 157

66 647 412 736 μεταλαμβανόμεναι.
458 653 489 716 εί
511 647 548 716 δέ
572 646 630 732 οὐ,
659 653 727 717 ἔστι
749 675 799 728 τις
822 650 859 716 έν
887 647 1003 728 αὐταῖς
1030 675 1081 734 με·

66 761 174 842 γίστη.
211 759 294 824 ἔστω
312 755 333 843 ἡ
354 760 422 823 ΒΓ.
461 753 598 842 ὅτιμὲν
621 746 684 823 οὖν
707 757 744 822 αί
760 762 837 838 ΑΒ,
857 760 922 822 ΒΓ
940 760 999 841 τῆς
1018 762 1086 823 ΑΓ

68 864 215 948 μείζονές
233 866 309 947 είσι,
333 860 497 948 φανερόν·
524 862 579 928 ιιαλ
598 861 700 929 πάλιν
718 859 769 929 ὅτι
793 864 831 927 αί
846 867 921 945 ΑΓ,
941 867 1002 928 ΓΒ
1024 865 1083 947 τῆς

69 974 150 1053 ΑΒ,
173 968 350 1035 καὶτοῦτο
374 970 489 1054 δῆλον.
534 968 683 1035 δεικτέον
707 965 765 1052 δή,
795 963 845 1034 ὅτι
867 966 923 1034 καί
947 969 984 1033 αί
1005 974 1081 1050 BA,

67 1079 139 1142 ΑΓ
155 1078 214 1160 τῆς
237 1079 304 1142 ΒΓ
325 1075 472 1160 μείζονές
495 1078 589 1141 είσιυ.
636 1072 851 1159 ἐκβεβλήσθω
881 1071 944 1159 γὰρ
972 1071 992 1159 ἡ
1016 1080 1082 1140 BA
1120 1100 1135 1150 5

66 1182 120 1250 έπλ
143 1179 182 1249 τὸ
206 1188 240 1247 Δ
264 1194 411 1267 σημεῖον.

436 1343 490 1407 Ad
513 1364 617 1426 prop.
640 1342 727 1407 XXI.

138 1467 190 1532 81.
226 1464 272 1531 Τὸ
289 1461 344 1530 μα’
363 1460 525 1549 θεώρημα
544 1462 607 1530 δύο
626 1461 856 1550 θεωρημάτων
875 1470 1002 1549 είρηται
1021 1464 1083 1528 τοῦ

67 1594 105 1635 τε
129 1567 162 1636 π’
182 1569 237 1635 καὶ
259 1572 318 1636 τοῦ
342 1567 397 1639 ις’.
435 1566 519 1655 πρὸς
542 1567 604 1653 μέν
626 1566 689 1654 γάρ
708 1568 745 1636 τὸ
766 1570 870 1649 δεῖξαι
889 1566 948 1647 τας
966 1587 1083 1635 συστα-

66 1680 191 1755 θείσας
217 1673 310 1754 έντὸς
337 1673 483 1762 πλευρὰς
516 1674 699 1754 ἐλάσσονας
729 1679 798 1743 τών
831 1672 922 1753 ἐκτὸς
954 1677 1084 1742 ἐκείνου
1103 1700 1137 1748 ιο

67 1785 178 1851 δεῖται
200 1784 261 1849 τοῦ
284 1781 513 1868 θεωρήματος·
542 1778 665 1859 παντὸς
681 1779 849 1868 τριγώνου
872 1785 910 1848 αί
930 1780 993 1849 δύο
1018 1786 1084 1867 μεί-

15 1900 25 1917 “
71 1889 165 1970 ζονές
192 1891 258 1956 είσι
284 1891 342 1973 τῆς
371 1890 502 1971 λοιπῆς·
544 1884 628 1973 πρὸς
659 1885 696 1954 δέ
728 1886 765 1955 τὸ
797 1885 858 1973 τὴν
890 1886 945 1955 ὑπ’
972 1884 1084 1955 αὐτῶν

68 1995 310 2081 περιεχομένην
338 1999 466 2079 γωνίαν
495 1991 667 2078 ἀποφῆναι
691 1998 825 2078 μείζονα
847 1997 905 2080 της
927 1991 993 2062 ὑπὸ
1015 2004 1083 2062 τῶν

70 2097 166 2179 έιιτὸς
183 2101 418 2189 περιεχομένης
436 2103 590 2183 πλευρῶν
609 2102 716 2166 έκεῖνο
736 2107 889 2168 συντελεῖ
903 2099 941 2168 τὸ
961 2100 1085 2180 παντὸς

67 2204 238 2293 τριγώνου
264 2204 327 2292 τὴν
356 2203 448 2285 ἐκτὸς
475 2212 602 2291 γωνίαν
630 2211 765 2291 μείζονα
792 2203 878 2272 εἶναι
906 2210 964 2291 της
991 2204 1085 2286 έντὸς
1105 2232 1137 2279 15

67 2314 127 2380 καὶ
154 2308 367 2381 ἀπεναντίον.
418 2309 606 2399 ἀναγκαίως
633 2312 671 2379 δὲ
700 2308 718 2379 ὃ
747 2309 957 2396 στοιχειωτὴς
984 2332 1085 2399 προσ-

68 2421 173 2504 έθηκε
195 2418 234 2487 τὸ
258 2416 324 2487 άπὸ
348 2423 416 2486 τών
438 2417 592 2506 περάτων
615 2417 780 2505 ἄρχεσθαι
804 2421 876 2484 δεῖν
894 2426 952 2501 τῆς
970 2421 1086 2504 κοινῆς

67 2523 201 2612 βάσεως
226 2523 285 2605 τὰς
313 2522 407 2604 ἐντὸς
434 2527 676 2611 συνισταμένας
703 2522 847 2610 πλευράς
878 2522 934 2589 καλ
965 2521 1003 2591 τὸ
1033 2522 1085 2592 ἐπὶ

68 2642 151 2720 μιᾶς
174 2629 253 2717 ὅλης
276 2635 510 2716 συνίστασθαι,
534 2629 610 2699 ἀλλ’
633 2631 753 2700 οὐκέτι
776 2632 899 2719 μέρους
915 2634 974 2716 τῆς
993 2628 1083 2716 ὅλης·

66 2741 108 2806 αί
125 2737 192 2823 γὰρ
211 2738 263 2806 έπλ
278 2738 399 2824 μέρους
412 2742 471 2824 τῆς
484 2737 613 2823 βάσεως
627 2736 865 2824 συνιστάμεναι
879 2738 934 2804 καὶ
954 2744 1084 2824 μείζους
1103 2760 1139 2810 20

68 2848 268 2912 δείκνυνταί
282 2868 361 2911 ποτε
379 2847 447 2911 τών
468 2843 561 2922 έιιτός
582 2844 638 2911 καὶ
662 2842 821 2912 ἐλάττονα
844 2850 972 2929 γωνίαν
996 2867 1085 2928 περι-

67 2952 219 3038 έχουσαι.
267 2946 331 3018 άπὸ
361 2949 399 3018 δὲ
425 2954 494 3018 τών
523 2949 675 3037 περάτων
704 2947 806 3035 αὐτῆς
835 2951 1087 3034 συνισταμένων

65 3056 296 3142 ἀναφαίνεται
323 3056 378 3123 καί
405 3056 443 3126 τὸ
471 3053 562 3136 εἶδος
589 3055 627 3123 τὸ
652 3056 863 3141 καλούμενον
886 3052 1087 3120 άκιβοειδών

64 3160 247 3249 τριγώνων
275 3165 313 3230 ἓν
341 3157 383 3230 ὂν
409 3163 465 3229 καὶ
492 3166 591 3230 τοῦτο
621 3165 689 3230 τών
720 3163 756 3228 έν
778 3164 961 3248 γεωμετρίᾳ
984 3184 1085 3245 παρα-

67 3269 195 3353 δόξων,
217 3272 385 3354 τρίγωνον
409 3269 664 3356 τετράπλευρον,
689 3259 763 3333 οἷόν
787 3269 855 3333 έστι
878 3265 934 3333 καί
952 3263 990 3333 τὸ
1008 3288 1086 3352 προ·
1105 3289 1140 3338 25

66 3379 228 3461 κείμενον
251 3377 373 3461 σχῆμα·
409 3375 594 3461 περιέχεται
617 3371 679 3459 μέν
706 3372 770 3459 γὰρ
798 3369 863 3440 ὑπὸ
889 3364 1087 3459 ιλπλευρῶν

66 3485 286 3497 ---—-——

142 3524 187 3572 ει.
206 3515 322 3585 wfq).

66 3610 287 3623 ...nn—u·-

141 3647 167 3697 8.
193 3636 226 3697 §a
249 3636 304 3695 δύο
326 3635 524 3709 θεωρημάτων
548 3634 666 3708 ἤρτηται
689 3637 802 3693 Proclus
826 3656 852 3708 p.
873 3643 938 3705 326,
960 3643 1087 3703 13-143

67 3713 122 3770 sod
141 3713 255 3783 εἴρηται
275 3709 361 3766 etiam
373 3709 424 3795 fid.
445 3709 569 3795 (λιγυαει
593 3709 627 3778 (G
647 3709 721 3791 aput}
740 3709 901 3790 Friedlqin).
976 3713 1027 3792 τοῦ
1047 3708 1088 3780 τε]

60 3783 272 3915 {afflans
289 3781 398 3921 {2312ss
415 3799 443 3850 q,
461 3802 500 3855 τῳ
520 3781 553 3836 V.
626 3784 668 3836 25.
688 3780 821 3851 F1gnram
840 3796 870 3835 ιιι
887 3780 943 3850 Vq
957 3796 1098 3837 οιιιιειοιιι
