2414 4236
199 513 356 568 ennom
373 514 413 567 ια
430 515 706 568 ammom
722 516 862 569 mmm
875 517 897 572 1.
985 514 1048 578 171

52 656 184 743 ιάμενος
208 656 405 743 θεωρήματι
431 658 490 743 τῆς
518 683 552 726 τε
580 650 710 726 τούτων
737 657 792 725 καὶ
824 661 883 743 τῆς
912 658 1050 726 ἐκείνων

52 761 287 850 ιτοιηειάσεως,
310 759 329 830 ὃ
353 765 449 831 δοκεῖ
468 760 530 849 μὲν
549 761 732 849 σύμπτωμά
755 787 788 829 τι
810 771 955 850 θεωρεῖν
978 776 1050 842 ταῖς

52 868 263 956 παραλλήλοις
285 865 447 956 ὑπάρχον,
470 871 681 956 παραδίδωσι
705 868 742 937 δέ
763 869 896 953 γένεσιν
913 867 1049 955 πρωτην

52 976 403 1064 ιαραλληλογράμμων.
447 986 604 1043 τοιοῦτον
627 973 692 1061 γάρ
715 976 785 1042 ἐστι
807 975 844 1042 τὸ
868 977 982 1061 λέγον·
1015 978 1053 1042 αί

52 1082 97 1163 ’ἀς
119 1089 194 1162 ἴσας
214 1107 250 1150 τε
272 1082 329 1149 καὶ
351 1078 584 1169 παραλλήλους
611 1081 664 1148 ἐπὶ
691 1079 732 1148 τά
760 1077 845 1148 αὐτὰ
873 1083 955 1169 μέρη
984 1084 1049 1150 ἐπι·
1087 1112 1104 1160 ⁶

52 1186 260 1276 ευγνύουσαι
282 1188 339 1255 καὶ
362 1184 460 1256 αύιαὶ
484 1195 553 1254 ίσαι
578 1212 613 1255 τε
640 1187 696 1255 καί
724 1185 935 1274 παράλληλοί
955 1192 1050 1256 είσιν.

51 1322 73 1363 ν
100 1294 166 1382 μάρ
194 1292 302 1384 τούτω
329 1303 506 1379 θεωρεῖται
534 1294 595 1380 μέν
622 1319 653 1361 τι
680 1307 752 1372 ταῖς
780 1301 868 1373 ίσαις
889 1293 946 1360 καί
968 1318 1050 1377 παρ-

52 1401 197 1489 ιλλήλοις
210 1398 429 1487 συμβεβηκός,
448 1401 484 1468 ἐκ
501 1399 538 1467 δέ
552 1403 610 1486 τῆς
624 1400 814 1481 ἐπιζεύξεως
827 1400 1050 1487 ἀναφαίνεται

52 1508 75 1577 ’ὸ
100 1505 448 1593 παραλληλόγραμμον
470 1505 509 1574 τὸ
535 1515 609 1585 ίσας
631 1511 709 1593 ἐχον
734 1507 789 1574 καὶ
816 1506 1051 1593 παραλλήλους

52 1614 99 1695 τάς
118 1615 315 1682 ἀπεναντίον
333 1613 485 1699 κειμένας
503 1613 656 1696 πλευράς.
691 1617 767 1699 τρία
784 1615 824 1680 δέ
844 1618 908 1681 είσι
930 1640 1050 1701 χαρακ-
1071 1643 1104 1692 10

52 1722 212 1808 ηριστικά
239 1724 307 1788 τῶν
338 1717 560 1806 παραλλήλων
588 1719 643 1786 καὶ
675 1715 940 1807 ἀντιστρέφοντα
967 1719 1051 1808 πρὸς

52 1825 152 1913 ιύτάς,
167 1823 215 1895 οδ
223 1824 332 1913 μόνον
344 1823 384 1892 τά
399 1830 421 1909 {¹
435 1824 516 1911 ἅμα,
530 1821 614 1891 ἀλλὰ
628 1826 683 1893 καὶ
695 1826 835 1894 ἕκαστον
848 1823 1051 1914 ἀποληφθὲν

52 1937 106 2002 ’ὧν
128 1936 271 2018 λοιπῶν,
295 1923 344 2000 ὧν
367 1934 405 1999 τὸ
429 1933 491 2019 μέν
515 1933 606 1999 ἐστιν
628 1929 765 2013 εὐθείας
785 1933 970 2022 τεμνούσης
992 1961 1051 2014 τας

52 2038 271 2127 παραλλήλους
298 2046 372 2118 ίσας
399 2035 487 2106 εἶναι
515 2063 574 2117 τας
603 2037 760 2124 ἐναλλάξ,
793 2043 831 2108 τὸ
865 2039 903 2108 δέ
934 2042 1049 2128 ἕτερον

52 2142 175 2226 ύθείας
202 2142 389 2233 τεμνούσης
421 2146 480 2223 τὰς
510 2143 743 2231 παραλλήλους
773 2154 846 2225 ίσας
874 2143 960 2214 εἶναι
991 2146 1051 2226 τάς
1070 2174 1102 2224 15

52 2249 135 2332 Ιντὸς
160 2250 224 2320 δύο
254 2249 392 2336 ὀρθαῖς,
423 2253 461 2318 τὸ
492 2248 529 2318 δέ
556 2248 676 2317 λοιπὸν
705 2247 840 2329 εὐθείας
865 2251 1052 2339 τεμνούσης

52 2358 97 2440 ἀς
117 2357 352 2445 παραλλήλους
379 2365 457 2443 ίσην
485 2355 572 2424 εἶναι
599 2355 660 2442 τήν
689 2358 783 2435 ἐκτὸς
804 2360 849 2445 τῇ
877 2355 973 2437 ἐντὸς
994 2358 1050 2424 καὶ

52 2464 254 2535 ἓπεναντίον·
292 2466 431 2532 ἕκαστον
452 2460 517 2549 γάρ
542 2467 611 2531 τάν
640 2462 893 2549 συμπτωμάτων
920 2461 1050 2531 τούτων

52 2571 159 2642 πανὸν
172 2569 377 2658 ἀποδειχθὲν
395 2572 628 2657 παραλλήλους
646 2566 819 2655 ἀποφῆναι
833 2567 892 2649 τάς
906 2565 1051 2650 εὐθείας.

52 2688 94 2750 λεί
109 2678 148 2747 δέ
165 2677 274 2746 πάντα
292 2674 333 2745 τὰ
348 2675 499 2763 σχήματα
512 2674 796 2762 καταγραφόμενα
809 2676 865 2743 καί
879 2675 1049 2764 νοούμενα
1069 2704 1104 2753 20

52 2812 73 2856 ν
99 2785 151 2853 ἑνὶ
175 2784 318 2870 ἐπιπέδῳ
343 2780 442 2851 εἶναι·
471 2785 502 2848 εί
519 2780 583 2866 γάρ
602 2779 647 2868 μή
672 2784 708 2849 ἐν
731 2787 778 2870 τῷ
797 2780 887 2875 αύτῷ
906 2785 1049 2875 ἐπιπέδῳ

52 2892 148 2961 πάντα
170 2894 335 2978 νοοῦμεν,
363 2884 467 2958 οὐδὲν
489 2886 610 2956 κωλύει
638 2886 720 2956 ἀλλο
748 2889 1051 2971 κατασκευάζοντας

52 2999 120 3069 ἒλλο
144 2994 305 3085 εὑρέσθαι
328 2993 625 3081 ἀποδεικνύμενον.

103 3105 199 3183 τέλος
219 3105 281 3172 τοῦ
303 3101 438 3187 πρώτου
460 3101 639 3188 τμήματος,
662 3098 682 3167 ὅ
706 3101 774 3168 ἐστι
797 3101 872 3187 περὶ
891 3102 1051 3187 γενέσεως

52 3212 94 3282 αλ
117 3210 271 3297 ἰσότητος
291 3209 347 3277 καὶ
366 3204 564 3294 ἀνισότητος
580 3211 648 3275 τῶν
666 3207 848 3293 τριμήνων.
886 3205 970 3295 ἀρχή
989 3212 1051 3276 τοῦ
1069 3232 1105 3283 25

52 3318 72 3380 ι’
95 3316 276 3405 τμήματος,
299 3312 319 3385 ὅ
343 3317 411 3385 ἐστι
434 3315 508 3402 περὶ
531 3313 751 3403 τετραγώνων
775 3313 960 3401 σχημάτων.

103 3426 158 3493 99.
197 3420 336 3509 Ἰστέον,
369 3419 422 3489 ὅτι
453 3423 491 3490 τὸ
518 3425 654 3508 πρῶτον
681 3424 791 3508 τμῆμα
822 3424 884 3488 τοῦ
916 3426 1051 3507 βιβλίου

52 3527 190 3602 νταῦθά
213 3531 312 3598 ἐστιν.

105 3680 152 3730 ⁹⁹.
170 3671 200 3727 F.

52 3765 252 3781 ‘’¹—

107 3805 152 3855 12.
172 3792 357 3868 άποληφθίν]
380 3813 412 3866 q,
436 3789 618 3859 ἀπολειφθὲν
637 3792 670 3847 V.
758 3799 800 3850 17.
819 3794 874 3870 ¹².ss
890 3813 927 3867 q,
946 3792 1000 3867 ςήυ
1017 3794 1058 3851 Ἴ,

67 3877 115 3928 28.
136 3864 288 3940 ιδρδιθαι]
307 3885 338 3937 q,
357 3863 516 3935 ιύρηθήναι
537 3862 568 3921 V.
