2424 4320
136 420 202 485 436
290 420 448 474 ὃΟΗΟῙιΙΑ
465 421 504 472 IN
522 421 797 473 ELEMENTORL'M
814 420 952 473 LIBRUM
966 421 999 475 X

122 601 129 615 ·
202 563 257 631 23.
283 558 430 647 Ἀλογον
454 569 550 630 καλεῖ
571 559 589 630 δ
613 562 800 648 γεωμέτρης
821 558 884 647 τήν
906 559 1002 647 μήκει
1021 560 1078 627 καὶ
1097 562 1154 627 δυ-

134 668 234 756 νάμει
261 664 478 755 ἀσύμμετρον
505 671 544 757 τή
573 670 666 756 ῥητή.
714 666 868 735 καθόλου
893 664 958 753 γὰρ
985 670 1090 734 πᾶσαι
1118 668 1157 733 αί

136 773 234 863 μήκει
261 774 319 842 καί
348 773 492 861 δυνάμει
519 772 724 862 ἀσύμμετροι
750 776 791 861 τῇ
816 775 899 861 ῥητή
927 770 1045 858 ἄλογοι
1069 771 1155 856 πρὸς

135 879 243 950 αὐτοῦ
266 884 460 950 καλοῦνται.

100 1007 117 1056 5
203 989 256 1055 24.
293 985 389 1054 Κατὰ
411 985 449 1055 τὸ
476 985 746 1074 συναμφότερον,
768 987 918 1054 τουτέστι
937 983 1080 1071 δυνάμει
1097 985 1155 1052 καί

138 1091 194 1161 διὰ
216 1097 316 1161 τοῦτο
340 1093 396 1161 καί
420 1092 527 1180 μήκει.

543 1288 601 1354 Ad
624 1287 694 1354 def.
716 1292 747 1354 4.

205 1414 256 1479 25.
294 1413 398 1478 Πᾶσα
420 1407 546 1495 πλευρὰ
574 1406 627 1495 ἐφ’
651 1406 774 1494 ἑαυτήν
803 1409 1155 1495 πολλαπλασιαζομένη

138 1512 160 1603 ἢ
185 1512 239 1603 ἐφ’
261 1517 379 1602 ἑτέραν
405 1513 550 1601 δύναμιν
572 1527 669 1583 ποιεῖ.
715 1513 799 1600 φησὶ
822 1524 908 1600 γοῦν
930 1516 989 1594 τὰς
1010 1513 1156 1601 πλευρὰς

87 1645 121 1693 10
141 1623 331 1709 δυναμένας
353 1620 394 1691 τὰ
418 1616 477 1688 ἄττ’
498 1616 611 1689 αὐτῶν
633 1619 805 1707 γινόμενα.

204 1732 264 1795 καί
280 1729 350 1796 έστι
369 1727 558 1813 σύμμετρος
574 1724 595 1813 ή
616 1725 794 1813 διάμετρος
811 1729 852 1816 τή
867 1731 994 1817 πλευρᾷ
1013 1727 1156 1814 δυνάμει

138 1835 191 1902 έττὶ
213 1837 275 1901 τοῦ
298 1832 524 1921 τετραγώνου,
547 1826 622 1901 οἷον
646 1829 667 1919 ἡ
685 1830 813 1919 πλευρὰ
830 1844 859 1918 ε’,
883 1829 903 1919 ή
925 1833 962 1901 δὲ
981 1835 1158 1920 διάμετρος

137 1926 211 2020 ξδ’
236 1937 288 2006 ιε”
313 1936 376 2005 vm.

532 2028 589 2092 Ad
611 2051 714 2113 prop.
737 2028 764 2093 Ι.

89 2173 121 2222 15
207 2155 261 2220 26.
297 2148 369 2218 Ὅτι
407 2149 471 2219 οὐκ
508 2155 598 2218 ἔστιν
636 2150 810 2237 ἐλάχιστον
848 2152 1004 2237 μέγεθος,
1042 2148 1088 2231 ὡς
1125 2155 1161 2221 οί

139 2262 383 2346 Δήμοκρίτειοί
406 2279 525 2345 φασιν,
548 2257 603 2325 καί
628 2255 684 2324 διὰ
707 2256 832 2325 τούτου
855 2262 917 2324 τοῦ
939 2258 1159 2345 θεωρήματος

139 2369 324 2451 δείκνυται,
348 2372 382 2432 εί
404 2391 441 2450 γε
464 2363 588 2444 παντὸς
610 2373 671 2431 τοῦ
695 2364 888 2450 ἐκκειμένου
911 2364 1077 2450 μεγέθους
1100 2369 1158 2432 δυ-

138 2469 242 2541 νατὸν
266 2476 406 2539 ἔλαττον
430 2476 554 2556 λαβεῖν.

206 2582 258 2645 27.
296 2583 429 2657 Μεῖζον
452 2572 473 2662 ἢ
496 2573 535 2644 τὸ
558 2574 662 2663 ήμισυ
688 2601 718 2663 p.
742 2578 776 2662 4,
800 2579 838 2660 6]
868 2581 980 2662 μεῖζον
1008 2577 1158 2644 ἐνταῦθα

90 2703 124 2751 20
143 2684 283 2769 νοήτέον
306 2686 368 2750 τοῦ
393 2683 426 2763 ἐξ
450 2679 556 2769 ἇρχής
579 2684 743 2762 δοθέντος
766 2686 915 2769 μείζονος
937 2683 1102 2768 μεγέθους
1120 2682 1158 2750 τὸ

140 2795 252 2875 μεῖζον
279 2792 392 2877 τμῆμα
420 2785 465 2867 ὡς
491 2786 575 2876 πρὸς
601 2787 638 2855 τὸ
668 2786 772 2874 ήμισυ
803 2789 1069 2876 συγκρινόμενον
1097 2792 1159 2857 τοῦ

140 2896 262 2964 ἑαυτοῦ
285 2896 340 2962 καὶ
365 2893 441 2981 οὐχὶ
466 2891 510 2974 ὦς
533 2896 614 2980 πρὸς
635 2895 673 2962 τδ
698 2899 836 2962 ἔλαττον
861 2893 899 2962 τὸ
924 2897 957 2976 ἐξ
980 2893 1084 2981 ἀρχῆς
1108 2897 1157 2962 έκ-

139 3008 294 3087 κείμενον
323 3002 474 3087 μέγεθος.
521 2997 645 3087 ὁμοίως
674 2998 711 3067 δέ
739 3001 796 3067 καὶ
822 3002 859 3069 τὸ
891 2999 995 3088 ήμισυ
1017 3003 1158 3088 νοητεόν

142 3133 256 3187 ουτως.

212 3307 254 3357 23.
275 3301 346 3372 V⁸q.
422 3307 465 3359 24.
484 3300 565 3367 v·A;
585 3301 634 3357 cfr.
653 3301 694 3356 ΙΙΙ
735 3305 923 3370 .2‚180um
942 3304 999 3357 not.
1019 3301 1080 3358 crit.

143 3378 185 3426 25.
205 3392 226 3428 r.
299 3379 342 3429 26.
364 3373 569 3442 Pv·q(vA1).
642 3378 686 3430 27.
732 3372 907 3442 ⁸q(vP²A).

215 3555 257 3604 15.
277 3543 333 3622 ὅτι]
355 3568 411 3606 om.
431 3569 457 3620 q.
537 3546 588 3637 ὣς]
608 3568 660 3606 om.
681 3568 707 3619 q.
786 3556 827 3606 16.
849 3552 1034 3620 Δημοκρίτιοι
1053 3551 1063 3605 l
1082 3553 1111 3606 et
1128 3550 1159 3621 P,

143 3619 193 3675 sed
212 3636 281 3675 corr.
301 3640 338 3676 m.
355 3627 381 3677 2.
455 3622 540 3676 τοῦτο
558 3641 590 3676 το
610 3618 749 3690 θεώρημα
767 3620 801 3676 V.
878 3627 920 3676 17.
940 3617 1106 3692 ἐγκειμένου
1126 3623 1160 3679 V.

180 3697 221 3748 18.
242 3686 389 3761 ἐλάχιστον
409 3709 459 3761 qv.
531 3697 575 3749 21.
597 3688 748 3817 κρόςόδιά
767 3691 800 3746 V.
876 3688 908 3746 τὸ
928 3687 1014 3747 ἑαυτό
1033 3712 1058 3763 q.
1115 3699 1157 3748 22.

143 3764 328 3831 συγκείμενον
348 3763 381 3817 V.
456 3769 498 3818 23.
520 3762 563 3834 δέ]
585 3781 637 3819 om.
