2414 4236
147 509 210 574 126
297 510 453 564 scflom
470 511 510 562 IN
527 510 802 563 mmmm
818 510 994 567 mavul.

145 650 366 738 συμπέρασμα
387 647 551 731 ὑπόθεσις
580 653 617 719 έν
644 654 690 742 τῷ
719 651 865 743 δευτέρῳ
890 656 1036 738 γίνεται,
1068 648 1093 741 ἦ
1125 650 1165 723 δέ

144 753 307 836 ἀπόθεσις
326 753 370 838 ῶς
383 759 604 845 συμπέρασμα
622 756 789 843 ἐπάγεται,
807 760 1028 847 συμπέρασμα
1042 756 1084 829 δέ
1099 756 1164 847 τήν

147 861 283 949 ἰσότητα
315 867 383 932 τῶν
414 867 570 949 πλευρῶν
603 868 673 931 τῶν
706 861 960 933 ὑποτεινουσῶν
989 860 1052 945 τάς
1088 872 1165 945 ίσιις

145 970 274 1049 ἐκείνας
296 975 428 1056 γωνίας.
474 968 615 1038 δύναται
639 970 677 1038 δὲ
699 969 824 1061 καὶτῷ
848 969 882 1038 δ’
902 968 1104 1058 θεωρήματι
1123 966 1163 1041 τῶ

110 1073 270 1161 εόγδοον
289 1074 514 1163 ἀντιστρέφαι.
551 1080 605 1144 δετ
626 1076 664 1145 δὲ
687 1077 826 1162 εἰδέναι,
849 1074 901 1146 ότι
923 1074 1046 1145 πολλαί
1069 1074 1164 1149 ἀντι·

145 1184 288 1269 στροφαὶ
315 1188 469 1270 γίνονται
497 1186 633 1263 ψευδεῖς
660 1183 716 1252 καὶ
744 1181 807 1251 οόκ
833 1182 899 1252 είσί
922 1187 1049 1273 κυρίως
1072 1180 1163 1255 ἀντι-

145 1296 302 1377 στροφαί·
327 1286 402 1359 οἷον
424 1293 488 1370 πῶς
511 1288 678 1375 ἑξάγωνος
701 1287 847 1378 ἀριθμὸς
868 1288 1035 1379 τρίγωνός
1057 1292 1162 1377 ἐστιν,
1202 1292 1205 1331 ²

145 1394 219 1463 ἀλλ’
237 1394 347 1465 οὐκέτι
362 1399 538 1483 έπαίηθές,
557 1394 608 1465 ότι
622 1400 685 1476 πῶς
698 1400 863 1483 τρίγωνος
876 1393 1046 1483 έξάγωνός
1059 1398 1163 1469 ἐστιν.

144 1499 181 1569 τὸ
201 1502 263 1588 μέν
282 1501 345 1590 γὰρ
365 1500 478 1571 αὐτῶν
500 1502 709 1589 κοινότερον,
732 1500 769 1571 τό
794 1502 832 1571 δὲ
854 1501 1093 1591 μερικῶτερον.
1122 1500 1162 1571 τὰ

93 1634 126 1681 10
144 1607 206 1695 μέν
230 1607 341 1677 αὐτῶν
364 1612 505 1677 καλοῦσι
526 1608 779 1697 προηγούμενα,
806 1606 847 1678 τά
869 1608 908 1677 δέ
934 1606 1160 1699 ἀντίστροφα·

145 1717 182 1781 αέ
200 1713 237 1781 δὲ
255 1720 302 1794 είς
320 1712 492 1783 ἀδύνατον
510 1713 686 1802 ἀπαγωγαὶ
703 1719 751 1795 είς
769 1711 941 1785 ἀδύνατον
957 1722 1160 1785 τελευτῶσιν

145 1821 293 1905 ἐναργές,
311 1822 366 1888 καὶ
382 1811 423 1887 οὗ
438 1817 476 1888 τὸ
491 1818 724 1908 ἀντικείμενον
739 1817 962 1909 ὡμολόγηται,
979 1824 1161 1909 συμβαίνει

145 1925 183 1992 δὲ
206 1924 287 1993 αὐτὸ
313 1927 366 1993 έπὶ
389 1924 429 1993 τά
454 1925 626 2013 μαχόμενα
653 1941 726 2007 ταῖς
752 1941 882 2008 κοιναῖς
909 1929 1059 2007 ἐννοίαις
1086 1924 1163 2014 ἤτοι

145 2030 323 2118 αἰτήμασιν
345 2029 365 2119 ή
384 2046 456 2112 ταῖς
474 2029 657 2101 ὑποθέσεσι
675 2037 841 2102 τελευτᾶν.
877 2034 933 2101 καὶ
952 2036 989 2101 έν
1007 2036 1054 2125 τῷ
1074 2043 1161 2103 θεω-

92 2162 126 2210 15
145 2137 265 2226 ρήματι
288 2139 397 2229 τούτῳ
423 2136 462 2207 τὸ
490 2143 678 2225 συμβαῖνον
706 2139 879 2209 ἀδύνατον
904 2142 1081 2207 δείκνυσιν
1106 2138 1162 2208 διά

144 2241 181 2311 τὸ
205 2243 326 2330 κοινήν
345 2250 484 2312 ἔννοιαν
503 2243 701 2329 ἀνατρέπειν
720 2243 781 2332 τήν
800 2245 838 2314 τὸ
855 2243 937 2314 ὅλον
955 2250 1018 2313 τοῦ
1036 2248 1163 2332 μέρους

144 2357 256 2437 μεῖζον
275 2352 453 2439 λέγουσαν,
472 2351 510 2419 τὸ
531 2351 568 2418 δέ
587 2350 713 2438 ὄγδοον
732 2349 773 2419 οὐ
791 2362 908 2438 κοινῆς
928 2354 1063 2432 ἐννοίας
1082 2351 1162 2422 ἀνα·

143 2458 333 2545 τρεπτικόν,
366 2456 450 2525 ἀλλά
482 2462 543 2525 τοῦ
576 2462 793 2544 δεδειγμένου
827 2458 883 2525 διὰ
915 2462 977 2526 τοῦ
1010 2459 1163 2546 ἑβδόμου

143 2562 373 2649 θεωρήματος·
398 2560 417 2630 δ
437 2562 500 2649 γὰρ
520 2561 691 2650 ἀπέφησεν
705 2563 742 2632 τὸ
757 2566 915 2651 ἕβδομον,
933 2568 1034 2632 τοῦτο
1050 2567 1160 2634 έκεῖνο

90 2691 125 2740 20
144 2671 295 2734 δείκνυσι
318 2658 617 2755 καταφασκόμενον
641 2684 711 2750 τοῖς
738 2669 782 2757 μή
808 2674 1023 2757 συγχωροῦσι
1045 2669 1086 2740 τὸ
1110 2677 1162 2758 ζη-
1203 2716 1205 2765 ;

144 2771 317 2859 τούμενον.

518 2866 572 2930 Ad
596 2890 701 2952 prop.
724 2867 798 2933 VII.

211 2990 263 3054 40.
309 2989 385 3053 Τῶν
417 2991 648 3071 γεωμετρικῶν
679 2990 733 3054 καὶ
762 2986 996 3075 ἀριθμητικῶν
1026 2998 1158 3076 θεωρη·

143 3091 257 3178 μάτωυ
280 3090 340 3169 τάς
361 3093 538 3179 προτάσεις
560 3093 784 3179 καταφατικάς
802 3093 950 3180 ἐχόντων
968 3120 1005 3162 το
1028 3093 1056 3177 ζ’
1071 3094 1159 3165 θεῶ-

90 3222 124 3271 25
144 3224 232 3285 ρημα
255 3196 468 3282 ἀποφατικῶς
490 3203 531 3286 τή
553 3198 710 3285 προτάσει
728 3202 892 3287 κέχρηται.
932 3202 1016 3287 φησὶ
1040 3201 1080 3269 δέ
1104 3202 1158 3269 καὶ

144 3301 162 3370 ὁ
184 3302 423 3388 Ἀριστοτέλης,
452 3300 504 3372 ὅτι
531 3302 568 3372 τὸ
595 3304 747 3374 καθόλου
774 3303 812 3375 τὸ
835 3305 1065 3392 καταφατικὸν
1088 3321 1160 3387 ταῖς

144 3408 336 3494 ἐπιστήμαις
359 3410 428 3477 έστί
451 3410 594 3498 μάλιστα
617 3416 788 3498 προσῆκον
817 3410 861 3492 ῶς
889 3410 1159 3498 αὐταρκέστατον

142 3516 197 3581 καὶ
212 3514 318 3600 μηδὲν
331 3521 389 3602 τής
404 3515 605 3603 ἀποφάσεως
619 3517 795 3604 δεόμενον·
813 3517 850 3586 τὸ
865 3518 929 3605 γὰρ
944 3515 1160 3603 ἀποφατικόν

214 3698 257 3748 40.
277 3647 317 3747 ν·
335 3693 422 3761 (νέ).

217 3861 257 3907 lb.
277 3850 377 3925 τούτῳ]
397 3854 481 3908 τοῦτο
499 3854 528 3908 P.
584 3859 626 3907 27.
647 3850 887 3925 αὔταρκέστατον]
907 3856 937 3924 Ρ,
956 3854 1088 3910 lacunam
1107 3856 1159 3912 Vs.
