2414 4236
208 490 364 541 SCHOLIA
382 491 420 541 IN
438 489 713 542 ELEMENTORUM
730 491 868 542 LIBRUM
882 492 915 544 X.
1005 488 1072 554 445

54 629 175 698 κοινὸν
208 629 331 716 μέτρον
362 630 504 716 μεγέθη,
537 625 558 696 δι’
591 630 647 697 καὶ
680 627 736 697 διὰ
768 628 806 698 τὸ
839 634 926 716 ἔχειν
953 629 1071 698 κοινὸν

55 738 179 824 μέτρον
212 734 382 822 σύμμετροι
413 736 560 822 λέγεται,
600 737 703 803 ταῦτα
735 733 776 803 τὰ
809 736 935 823 μεγέθη
968 735 1072 823 λόγον

56 848 138 929 ἔχει,
166 838 208 910 ὃν
236 840 381 928 άριθμὸς
407 841 492 930 πρὸς
519 840 687 929 άρνθμόν,
714 847 774 910 καί
794 842 862 911 ἐστι
889 844 1071 911 ταῦτακαὶ

56 946 195 1035 ὁμοειδῆ
219 949 276 1017 καὶ
299 948 392 1035 ῥητά.
428 947 468 1016 τά
491 947 556 1035 γὰρ
576 947 746 1035 σύμμετροι
763 946 872 1016 πάντα
891 956 956 1017 εἴτε
975 947 1072 1036 μήκει

55 1057 112 1123 καὶ
143 1054 284 1142 δυνάμει
314 1063 379 1124 εἴτε
407 1055 551 1142 δυνάμει
580 1056 690 1142 μόνον
718 1052 801 1142 ῥητὰ
830 1062 927 1123 καλεῖ
952 1053 970 1124 ὁ
993 1081 1107 1143 γεω-ε

56 1163 185 1250 νὲτοιε·

123 1273 176 1337 48.
204 1265 266 1335 Ὃν
288 1264 435 1355 άρνθμός
462 1264 545 1353 πρὸς
567 1264 717 1354 άριθμόν
745 1293 775 1355 p.
801 1271 855 1353 16,
880 1273 935 1353 12]
964 1265 1073 1355 ἤγουν

58 1374 175 1462 ῥητόν·
199 1376 236 1442 ἐν
254 1373 320 1461 γάρ
338 1386 408 1453 τοῖς
427 1373 589 1462 ἀριθμοῖς
608 1371 650 1442 οὐ
667 1375 819 1461 τέμνεται
832 1372 854 1461 ἡ
869 1373 976 1463 μονάς
994 1427 1072 1446 .....

59 1479 208 1568 ἄρρητον
231 1480 292 1550 τὸν
316 1479 524 1549 συντεθέντα
545 1476 704 1567 άρνθμόν.
740 1478 781 1548 τά
802 1479 839 1548 δὲ
858 1481 984 1567 μεγέθη
998 1508 1072 1569 τεμ-

57 1586 185 1673 νόμενα
212 1591 326 1674 ἔχουσι
351 1587 406 1654 καὶ
434 1584 473 1655 τὸ
502 1585 651 1674 ἄρρητον
678 1586 735 1655 καὶ
761 1586 799 1655 τὸ
829 1585 963 1673 ἄλογον.
1009 1592 1073 1670 πᾶς
1093 1612 1126 1662 10

60 1692 98 1760 δὲ
117 1690 262 1780 άρνθμὸς
279 1692 363 1779 πρὸς
379 1692 488 1760 πάντα
508 1690 659 1779 άριθμόν
676 1697 742 1780 ἔχει
755 1690 831 1762 τινὰ
845 1693 950 1781 λόγον
969 1696 1073 1781 ρητὸν

56 1796 165 1886 ἤγουν
184 1796 205 1886 ἢ
223 1799 476 1869 πολλαπλάσιον
494 1794 515 1886 ἦ
531 1797 706 1886 ἐπιμόριον
725 1794 746 1886 ἢ
762 1801 898 1887 ἐπιμερῆ
917 1796 1072 1887 ἢπολλα-

57 1907 337 1992 πλασιεπιμόριον
359 1901 380 1994 ἢ
404 1908 751 1992 πολλαπλασιεπιμερῆ
778 1901 799 1992 ἢ
824 1907 884 1974 ἕνα
905 1905 981 1975 τινά
1004 1918 1073 1976 τῶν

58 2013 276 2098 ελδικωτέρως
298 2010 568 2099 ὠνομασμένων,
593 2009 639 2092 ὦς
661 2014 698 2080 ἐν
721 2015 762 2101 τῇ
784 2011 988 2101 άρνθμητικῇ
1012 2017 1074 2081 τοῦ

56 2117 257 2204 Νικομάχου
280 2123 442 2186 ἔκκειντάι
465 2118 589 2197 πάντες
610 2116 803 2205 ἡπλωμένοι
820 2120 876 2187 καὶ
896 2123 1072 2207 διηκριβω-
1093 2142 1126 2193 1ο

59 2224 169 2310 μένοι·
201 2218 277 2321 οἷον
304 2221 348 2303 ὡς
375 2226 428 2292 ἐπὶ
457 2221 703 2310 ὑποδείγματος
731 2221 748 2291 ὁ
772 2235 790 2291 ἒ
817 2220 965 2311 άριθμὸς
990 2223 1074 2313 πρὸς

56 2327 119 2399 τὸν
147 2320 169 2398 δ
195 2326 346 2416 άρνθμὸν
374 2330 639 2417 συγκρινόμενος
666 2327 853 2417 εὑρίσκεται
886 2334 971 2416 ἔχων
999 2327 1073 2399 ὁλο-

56 2434 187 2522 κλήρως
214 2435 272 2516 τὰς
295 2428 316 2503 δ
338 2437 490 2524 μονάδας
512 2436 568 2503 καὶ
588 2437 738 2504 ἐπέκεινα
761 2434 891 2504 τούτων
914 2441 994 2523 μίαν
1017 2462 1073 2523 μο-

57 2541 161 2628 νάδοι,
189 2541 210 2630 ἦ
239 2546 330 2612 ἐστιν
357 2547 425 2612 τῶν
455 2535 476 2611 δ
500 2541 547 2626 δ’,
579 2544 634 2610 καὶ
663 2542 718 2611 διά
747 2546 846 2611 τοῦτο
876 2540 1073 2630 ὀνομάζεται

59 2647 153 2716 ἔπιδ’
176 2648 280 2734 λόγον
308 2647 367 2716 δε
394 2653 454 2716 τοῦ
484 2641 505 2715 δ
535 2647 694 2736 άριθμοῦ.
748 2649 786 2718 τὸ
814 2649 852 2718 δὲ
879 2649 1073 2737 πεντάπηχυ
1092 2671 1126 2720 νο

60 2753 143 2841 πρὸς
164 2753 202 2822 τὸ
225 2754 413 2843 τετράπηχυ
435 2754 678 2843 θεωρούμενον
697 2756 909 2842 ἐπιτέτιιρτον
926 2755 988 2842 μὲν
1007 2760 1073 2844 ἔχει

56 2861 112 2929 καὶ
136 2858 220 2928 αὐτὸ
244 2859 363 2946 λόγον,
390 2859 477 2948 πλὴν
508 2858 553 2940 ὡς
580 2864 732 2948 συνεχῶν
754 2866 870 2930 ποσῶν
892 2861 1072 2949 τμημάτων

56 2969 218 3035 νοοῦνται
242 2967 298 3033 καὶ
322 2964 384 3054 οὐχ
408 2965 454 3046 ὦς
479 2967 678 3056 διῃρημέναι
701 2966 854 3054 μονάδες.

123 3076 175 3141 49.
218 3077 325 3140 Τοίτο
349 3077 440 3142 ἴδιον
462 3077 532 3142 τῶν
555 3076 766 3161 συμμέτρων·
789 3073 827 3144 τὸ
848 3079 991 3144 ἔλασσον
1009 3078 1071 3144 τοῦ

129 3326 171 3377 48.
191 3341 211 3376 r.
286 3327 328 3375 49.
349 3321 633 3389 PBFVat.V0v·vq
653 3321 703 3393 (εἰς
722 3318 753 3378 τὸ
774 3322 801 3378 ε’
821 3323 936 3393 Nat).

58 3620 75 3677 ἔ
510 3553 648 3680 {umqum
667 3553 770 3611 dubiae
789 3517 924 3626 (άλεναι)
942 3575 963 3610 r.
1001 3561 1069 3643 2¹⁰·

73 3622 167 3694 γουσι]
187 3622 219 3678 δὲ
240 3622 335 3693 ἔχουσι
354 3642 374 3678 r.
453 3629 496 3679 20.
530 3624 613 3750 21th
631 3626 658 3681 h.
675 3643 698 3681 e.
714 3620 898 3695 ἕπετὲτοιρτος.
975 3627 1072 3698 λογον]

129 3558 154 3607 8.
178 3549 281 3624 μονάς]
301 3568 358 3621 seq.
377 3552 490 3608 litterae

58 3699 229 3764 corruptum.
302 3700 345 3749 24.
364 3695 461 3767 τοῦτο]
481 3698 597 3751 τοῦτον
633 3714 661 3766 q.
721 3699 796 3753 ἴδιον
815 3697 884 3768 τῶν]
903 3695 984 3753 ἰδίου
1002 3715 1071 3753 corr.

58 3780 92 3819 ex
107 3766 217 3821 λδιονυ.
271 3766 342 3839 τῶν]
355 3766 393 3837 τῷ
404 3783 430 3833 q.
486 3764 663 3839 συμμέτρων]
678 3785 885 3838 ‹svp-ecorum
940 3766 1071 3841 ἔλασσον]

58 3852 148 3905 comp.
169 3837 222 3903 δν,
242 3834 356 3892 ἔλαττον
376 3854 402 3904 q.
