2414 4236
225 504 382 559 scnom
399 505 438 558 m
456 505 730 558 αοαιωαυοιιοα
747 505 886 559 mnu
898 507 932 557 x.
978 567 987 590 ,
1020 503 1086 569 489

142 649 215 715 147.
248 642 374 733 Εὐρείν
393 644 458 713 δύο
474 642 577 732 ήήτάς
591 643 733 733 δυνάμει
748 644 856 733 μόνον
870 646 1087 733 συμμέτρους.

73 757 235 823 ἐκκείσθω
260 750 343 839 ῥητή
365 749 387 839 ἡ
410 761 442 819 A
468 751 525 819 καὶ
548 750 611 821 δύο
639 749 780 839 άρνθμολ
809 755 844 820 οἱ
865 760 904 838 Β,
929 758 962 819 Γ
983 752 1087 841 λόγου

72 859 118 948 μή
142 865 283 948 ἔχοντες,
307 854 349 928 δν
370 857 578 946 τετράγωνος
600 855 684 946 πρὸς
705 857 934 945 τετράγωνον,
955 859 1012 926 καὶ
1034 886 1086 946 γε-

72 967 198 1054 γονέτω
227 963 272 1046 ὥς
301 962 319 1033 ὁ
348 971 377 1032 Β
404 962 487 1049 πρὸς
513 963 574 1032 τὸν
602 970 645 1051 Γ,
678 965 784 1046 οὕτως
810 963 849 1035 τὸ
876 961 942 1033 άπὸ
969 968 1028 1052 τῆς
1054 974 1087 1032 A

72 1072 156 1159 πρὸς
187 1069 226 1140 τὸ
259 1068 324 1138 άκὸ
358 1080 416 1158 τής
443 1078 485 1138 Δ.
536 1075 669 1139 ἔσονται
702 1069 745 1159 δή
780 1070 836 1139 διὰ
868 1069 908 1138 τὰ
940 1095 1086 1159 τιροατιο-
1122 1094 1138 1143 σ

75 1179 271 1266 δεδειγμίνα
294 1180 332 1245 αἱ
352 1186 394 1262 Α,
419 1184 452 1243 Δ
479 1177 577 1264 ῥηταὶ
600 1178 743 1265 δυνάμει
765 1176 873 1265 μόνον
897 1177 1087 1264 σύμμετροι.

143 1289 216 1355 148.
245 1281 462 1353 Ἀναττόδισαι
481 1287 529 1363 είς
545 1282 584 1352 τὸ
600 1282 648 1352 ια’
662 1284 825 1370 θεώρημα
838 1282 967 1364 καὶτὰς
982 1286 1085 1352 ἐκεῖσε

76 1395 260 1478 γραφείσας
277 1388 413 1471 εὐθείας
430 1390 487 1457 καλ
501 1387 670 1476 άριθμούς
683 1393 752 1458 τῶν
766 1387 912 1459 εὐθειῶν
927 1391 964 1458 ἐν
978 1389 1085 1481 τούιφ

75 1501 122 1590 τῷ
140 1496 195 1565 κα’
214 1499 409 1586 θεωρήματι
432 1497 614 1584 μετένεγκε,
638 1500 669 1564 εί
690 1494 806 1582 βούλει
828 1500 952 1582 κυρίως
974 1493 1086 1583 εὑρεῖν

76 1602 201 1691 άλογον
225 1601 365 1672 εὐθεῖαν
387 1602 444 1671 καὶ
466 1608 590 1688 κυρίως
612 1600 739 1688 άλογον
760 1608 895 1690 χωρίον.
1107 1624 1140 1674 10

144 1714 216 1780 149.
250 1709 385 1795 Ἰστέον,
409 1707 460 1778 ὅτι
478 1710 499 1796 ή
519 1708 702 1788 ἐννεάκους
718 1708 775 1776 καὶ
793 1706 815 1796 ἡ
833 1707 1016 1797 τετράπους
1032 1710 1088 1777 καλ

75 1816 196 1905 άλογοί
217 1820 282 1885 είσι
304 1816 360 1884 καὶ
383 1817 494 1903 ήηταί·
531 1806 554 1904 ή
581 1815 643 1903 μὲν
669 1815 734 1903 γάρ
757 1815 855 1903 μήκει
877 1817 964 1885 είσὶυ
987 1813 1088 1903 άσύμ·

75 1949 201 2012 μετροι,
224 1921 353 2010 ἄλογοι,
376 1914 398 2012 ᾗ
423 1921 460 1991 δὲ
484 1920 627 2009 δυνάμει
650 1920 843 2010 σύμμετροι,
867 1925 973 2011 ήήταί.

145 2033 219 2099 150.
256 2033 454 2116 Δεκατριοῐν
486 2025 600 2098 οὐσῶν
633 2025 767 2116 άλύγωυ
799 2034 859 2117 μία
890 2032 955 2099 νῦν
987 2054 1089 2115 καρα-

78 2140 210 2204 δίδοται
232 2133 253 2222 ἡ
276 2136 465 2222 καλουμένη
487 2134 575 2221 μόνη
594 2136 688 2222 με’σή,
713 2137 747 2216 ἓξ
765 2139 804 2203 αί
819 2137 901 2203 κατά
921 2135 1087 2205 σύνθεσιν
1106 2151 1139 2202 1⁶

78 2244 115 2309 ἐν
147 2244 192 2332 τῷ
227 2240 370 2333 δευτέρω
401 2240 545 2328 τμήματι
577 2241 632 2307 καὶ
665 2241 699 2320 ἓξ
732 2243 770 2307 αί
797 2243 880 2310 κατά
907 2241 1088 2328 ἀφαίρεσιν

77 2347 182 2433 λόγου
199 2343 220 2426 ἑ
243 2349 280 2415 ἐν
298 2350 343 2439 τῷ
361 2346 406 2432 γ’·
429 2350 477 2426 είς
494 2353 570 2432 τρία
587 2344 651 2433 γάρ
670 2347 820 2433 τμήματα
840 2345 995 2435 διήρήται
1008 2349 1046 2415 τὸ
1062 2347 1087 2416 ι’

79 2458 221 2540 βιβλίον.
271 2452 354 2539 μέση
382 2451 420 2521 δὲ
447 2452 592 2538 λέγεται,
625 2451 713 2521 διότι
740 2453 774 2532 ἐξ
801 2449 982 2539 ἀναλογίας
1009 2460 1088 2540 λαμ-

77 2558 228 2646 βάνεται·
261 2560 344 2648 μίση
367 2558 432 2646 γάρ
457 2562 547 2627 ἐστιν
571 2557 742 2646 άνάλογου
763 2569 833 2627 τῶν
856 2557 918 2627 δύο
943 2557 1088 2629 εὐθειῶν

77 2670 146 2736 τῶν
178 2669 405 2755 περιεχουσῶν
435 2663 498 2752 τήν
530 2663 641 2752 ὀρθήν
673 2670 816 2752 γωνίαν,
849 2666 905 2733 καὶ
937 2665 996 2733 ἐὰν
1025 2658 1088 2735 οἶσι
1105 2685 1142 2735 20

75 2787 164 2862 τρεῖς
186 2770 318 2842 εὐθεῖαι
341 2770 522 2857 άυάλογου,
545 2770 583 2840 τὸ
603 2768 669 2841 ὐπὸ
692 2775 761 2840 τῶν
784 2770 897 2860 άκρωυ
921 2780 998 2841 ίσον
1020 2773 1089 2841 ἐστὶ

75 2885 122 2972 τῷ
149 2877 215 2948 άπὸ
242 2882 301 2966 τῆς
328 2880 437 2965 μέσης.
482 2876 605 2958 ταύτας
632 2880 673 2948 δέ
698 2899 803 2966 φήσιν
830 2877 1088 2966 άγορεύ[εσθαι]

78 2987 141 3055 δύο
169 2983 305 3065 εὐθείας
332 2983 474 3069 δυνάμει
502 2982 611 3070 μόνον
638 2985 846 3072 συμμέτρους
874 2988 1003 3072 δηλαδή
1032 2984 1088 3054 διά

75 3091 114 3161 τὸ
137 3091 221 3160 κατὰ
245 3094 349 3177 μῆκος
371 3087 474 3170 αὐτάς
495 3087 726 3178 ἀσυμμέτρους
747 3088 834 3159 εἶναι
853 3143 932 3161 .....
950 3091 1016 3179 γὰρ
1034 3092 1090 3160 καὶ

77 3203 144 3286 ἔχει
167 3197 294 3283 άλογον
316 3202 442 3284 χωρίον
465 3195 722 3284 ἀναγράφεσθαι
742 3195 809 3265 άπὸ
828 3195 973 3266 εὐθειῶν
987 3194 1089 3286 άσυμ-
1107 3215 1142 3265 κο

76 3304 206 3389 μέτρων
228 3303 311 3372 κατὰ
335 3307 446 3391 μῆκος.

78 3593 129 3644 1⁶0
150 3523 209 3641 ιΒιι.
233 3516 307 3569 Ριό.
418 3521 476 3570 148.
495 3515 557 3584 τις
577 3515 642 3584 (ω).
753 3521 811 3572 ιιι.
835 3515 900 3586 τις
917 3516 982 3588 (P).

77 3717 290 3726 --———

101 3851 107 3866 .
151 3790 193 3838 12.
212 3776 422 3907 5⁷If⁰¹q⁰⁹⁷1²⁶⁹
441 3780 473 3833 V.
532 3787 573 3835 14.
592 3779 656 3852 μία]
675 3782 743 3852 μίαν
762 3780 792 3837 Β.
848 3782 1046 3852 παραδίδοται
1059 3782 1090 3837 Β.

76 3860 160 3924 λογου
180 3854 213 3925 ἐ]
233 3870 285 3910 ser.
324 3856 419 3922 λογοιλ
