2414 4236
207 561 364 612 SCHOLIA
382 560 420 611 IN
439 561 713 614 ELEIIENTORL'M
732 563 870 614 LIBRUM
884 564 931 616 lx.
954 615 958 619 ,
1013 560 1080 627 4Οό

130 705 183 769 23.
216 698 253 767 ‘0
276 703 402 770 ἐκτῶν
426 708 509 788 ΔΖ,
533 709 605 770 ΔΕ
631 699 649 770 6
674 707 703 770 ι“ε
731 703 830 770 ἐστιν.
876 700 990 789 ἐπειδὴ
1013 701 1079 790 γάρ

62 805 80 876 ό
107 815 178 875 ΔΕ
203 807 363 894 μονάδων
390 819 497 875 κεῖται
524 811 644 895 τριάιν,
676 804 694 875 6
723 807 760 876 δέ
788 814 851 875 ΕΖ
880 807 959 895 δύο,
993 806 1079 895 ὁμοῦ

63 911 80 981 6
105 921 175 981 ΔΕ
195 913 252 981 καὶ
274 920 337 980 ΕΖ
361 912 580 992 συντεθέντες
602 912 763 1000 μονάδων
786 912 851 980 εἰσὶ
873 912 979 981 πέντε.
1023 915 1079 982 καὶ

63 1019 131 1090 ἐπεὶ
156 1018 174 1090 6
199 1027 265 1087 ΔΖ
288 1018 449 1106 μονάδων
473 1018 542 1087 ἐστὶ
565 1021 678 1104 πέντε,
712 1017 729 1087 6
755 1018 793 1088 δὲ
817 1026 888 1086 ΔΕ
912 1023 1032 1109 τριῶν,
1059 1017 1077 1088 6

63 1131 98 1196 ἐκ
125 1131 193 1197 τόν
223 1135 305 1213 ΔΖ,
335 1134 405 1194 ΔΕ
435 1127 501 1215 άρα
529 1125 688 1212 μονάδων
716 1124 785 1194 ἐστὶ
816 1130 858 1193 ιἐ·
899 1131 960 1194 καί
988 1128 1078 1195 ἐστιν
1115 1151 1132 1201 ε

63 1232 81 1302 6
102 1241 131 1303 ῑε
149 1233 257 1322 ήμουν
277 1236 312 1301 οἱ
328 1240 405 1318 ΔΖ,
425 1239 495 1300 ΔΕ
515 1231 599 1319 πρὸς
615 1231 676 1300 τὸν
695 1238 758 1299 ΕΖ
781 1229 842 1300 τὸν
861 1229 924 1300 δόο
943 1243 1079 1319 πρῶτοι.

129 1345 181 1409 24.
222 1337 376 1427 Φανερὸν
402 1338 460 1426 δή,
490 1337 541 1406 ὅτι
565 1341 690 1426 ρ.374,
711 1341 766 1424 19]
790 1341 891 1407 τοῦτο
916 1339 953 1406 ἐν
974 1349 1020 1430 τῷ
1044 1338 1078 1426 β’

62 1456 124 1514 τοῦ
147 1445 182 1532 η’
208 1449 353 1533 ἐδείχθη,
376 1444 486 1526 άλλως
508 1471 544 1512 τε
568 1446 605 1513 δέ
628 1445 683 1512 καὶ
707 1448 763 1512 διδι
787 1442 825 1514 τὸ
848 1444 995 1533 πόρισμα
1017 1449 1079 1513 τοῦ

65 1578 179 1620 αυτου.

131 1660 183 1727 25.
216 1653 293 1726 Ἐὰν
319 1656 356 1725 δὲ
380 1655 442 1725 δύο
467 1654 612 1745 ἀριθμοί
631 1682 661 1744 p.
682 1659 756 1738 374,
776 1661 833 1742 23]
858 1658 1023 1727 δέδεικται
1041 1660 1079 1726 ἐν
1100 1682 1133 1732 10

62 1767 108 1857 τῷ
131 1764 186 1833 κδ’
209 1774 271 1833 τοῦ
296 1762 324 1845 ζ’
349 1768 526 1850 στοιχείου.

406 1960 462 2025 Ad
485 1981 590 2044 prop.
613 1959 736 2027 XVIII.

130 2087 183 2150 26.
222 2077 306 2148 Οἷον
325 2079 499 2168 ἐδόθησαν
518 2077 659 2167 ἀριθμοὶ
679 2077 697 2146 6
715 2091 738 2166 η
760 2080 816 2148 καὶ
836 2079 853 2149 6
871 2071 917 2164 ii.
952 2080 1079 2168 σκότει,

64 2186 124 2256 ἐὰν
148 2179 210 2257 άσι
233 2190 359 2273 πρῶτοι
381 2185 464 2275 πρὸς
486 2182 667 2273 άλλήλους,
692 2182 804 2274 ὥσπερ
827 2192 884 2255 καλ
906 2191 980 2257 εἰσι.
1024 2187 1079 2255 καὶ

62 2297 194 2382 ἐπείπερ
219 2298 315 2379 εἰσίν,
339 2294 450 2381 ἕτερος
473 2290 645 2378 άνάλομον
670 2288 732 2378 οὐχ
757 2288 952 2379 εὑρίσκεται.
993 2291 1077 2361 άλλα
1100 2319 1132 2369 ιε

62 2399 129 2489 μήν
153 2394 326 2487 ἐδόθησαν
349 2398 491 2488 ἀριθμοὶ
516 2426 533 2466 ο
559 2409 581 2485 η
603 2398 658 2465 καὶ
683 2395 701 2466 6
727 2389 770 2485 c-II.
814 2389 908 2466 οὑτοι
932 2396 994 2466 οὐκ
1014 2400 1078 2467 εἰσὶ

62 2511 187 2595 πρῶτοι
211 2504 294 2595 πρὸς
312 2503 492 2592 ἀλλήλους·
516 2502 634 2573 κοινὸν
652 2502 716 2594 γὰρ
736 2502 851 2585 αὐτοῖς
870 2505 939 2572 ἐστι
956 2505 1078 2591 με’τρον

62 2613 80 2682 ὁ
107 2606 139 2684 δ.
184 2611 300 2701 βούλει
329 2603 393 2680 οὖν
421 2619 561 2697 μαθεῖν,
594 2615 625 2678 ελ
651 2611 715 2692 ἕξει
744 2602 822 2698 ὑῖβ
855 2611 969 2697 ἕτερον
1000 2607 1079 2679 άνά·

64 2730 183 2808 λομονς
205 2723 502 2788 τολλαπλασίασον
520 2717 581 2784 τὸν
597 2707 648 2803 ἶβ·
670 2716 726 2783 καὶ
749 2715 984 2803 ἀναβιβάζεται
1002 2720 1078 2804 ρμδ.

64 2826 180 2895 σκόπει
208 2817 273 2894 οὖν
301 2830 371 2910 καί,
404 2824 464 2892 ἐὰν
492 2821 579 2910 δόνη
607 2819 720 2910 εὑρεῖν
748 2819 896 2910 πλευράν
924 2825 962 2892 ἐν
989 2820 1078 2916 αὐτῷ
1097 2850 1133 2901 20

60 2931 122 3000 τὸν
149 2944 181 3018 η.
227 2928 381 3017 εὑρήσεις
412 2929 468 2996 καὶ
499 2932 560 2997 τοῦ
588 2920 624 3016 ἷβ
656 2928 836 3015 ἀνάλογον.
883 2933 973 2996 ἐστιν
1002 2920 1078 2998 οὖν·

62 3036 195 3117 ὀκτάκις
218 3036 281 3123 γάρ
305 3041 341 3123 ἦ
361 3039 437 3124 ρμδ.

128 3148 178 3211 27.
217 3142 330 3211 Πάλιν
354 3141 528 3227 ἐδόθησαν
551 3137 693 3228 άριθμοὶ
717 3137 791 3228 δῇ
813 3141 869 3208 καὶ
893 3132 974 3224 ὁκξ.
1017 3140 1078 3211 ἐάν

61 3253 164 3338 θέλης
192 3247 320 3337 εὑρεῖν,
353 3246 398 3328 ὡς
425 3252 491 3334 ἔχει
520 3242 541 3333 ή
571 3243 633 3314 οὐκ
662 3251 727 3334 ἔχει
755 3247 869 3335 ἕτερον
897 3247 1077 3336 ἀνάλογον,

61 3350 473 3439 ὑκξπολλαιιλασιαζέτω
504 3350 564 3422 τὸν
587 3344 637 3436 κξ·
673 3352 914 3434 ελκοσιειιτάκις
934 3347 985 3438 {t}
1020 3356 1078 3424 καὶ
1097 3379 1133 3429 σε

60 3470 213 3552 γίνονται
230 3455 311 3545 υκθ.
351 3459 407 3528 καὶ
431 3460 500 3528 ἐπεὶ
525 3457 540 3529 ‹‘
564 3465 598 3548 ιη
621 3456 663 3527 οὑ
681 3474 795 3548 μετρεῖ
810 3458 870 3530 τόν
889 3453 973 3550 λἰ-κθ,
996 3459 1078 3532 οὐδὲ

61 3568 79 3640 6
103 3563 142 3654 ἶζ
164 3567 336 3655 ἀνάλογον
359 3574 435 3656 ἔχει.

60 3790 94 3840 27
122 3718 175 3838 ἐή.
196 3709 340 3781 v⁸qIP¹).
437 3716 480 3766 24.
499 3708 572 3777 Vbq.
662 3712 706 3763 25.
725 3708 754 3762 P.
846 3715 889 3766 26.
908 3711 955 3769 V⁴.

133 3915 158 3963 4.
177 3907 244 3979 ΔΖ]
261 3923 328 3962 corr.
351 3922 385 3961 ex
402 3908 456 3961 ΕΖ
476 3905 509 3977 V,
528 3907 584 3964 ΕΖ
602 3923 632 3979 q.
708 3912 754 3965 λθ.
770 3905 983 3982 ῑῖιδΠηῑηἾ.
