2414 4236
150 485 215 548 144
302 486 459 539 scnom
476 488 515 541 m
532 488 808 541 mmmmm
823 486 1001 543 mauu

150 625 232 696 αὐτὸ
270 627 527 714 συμβαλλοὺσας
563 633 678 715 έχουσι
713 640 863 715 σημεῖον.
913 626 1062 715 κορυφαὶ
1097 626 1166 717 γὰρ

149 731 265 801 αὑτοῖν
291 732 329 801 τὸ
361 748 517 821 σημεῖον,
548 732 629 803 καθ’
654 730 674 803 δ
702 733 930 822 συναγόμεναι
956 735 994 802 έν
1016 734 1166 827 ἐπιπέδῳ

148 838 207 920 τὰς
230 845 355 926 γωνίας
376 844 544 908 ποιοῦσιν.

216 947 278 1013 οὐκ
306 950 373 1033 ἔχει
400 945 510 1013 πάντα
537 942 579 1014 τὰ
605 944 772 1033 κεφάλαια
798 943 837 1015 τὸ
863 944 1026 1033 θεώρημα
1047 948 1165 1015 τοῦτο·

114 1050 169 1138 εὴ
194 1051 254 1137 μὲν
278 1050 344 1137 γὰρ
367 1049 554 1139 κατασκευὴ
577 1058 698 1138 λείπει,
725 1048 748 1139 ἡ
771 1050 811 1121 δὲ
832 1048 1002 1133 ἀπόδειξις
1022 1048 1168 1140 ἤρτηται

148 1161 209 1225 τοῦ
234 1157 281 1244 ιγ’
304 1158 537 1245 θεωρήματος,
568 1162 686 1247 χρῆται
709 1158 748 1228 δὲ
770 1157 932 1247 ἀξιώμασι
954 1158 1035 1227 δυσὶ
1056 1162 1107 1251 τῷ
1129 1158 1167 1229 δ’

148 1264 189 1331 τὰ
217 1268 263 1357 τῷ
294 1261 383 1357 αὐτῷ
418 1274 475 1333 ίσα
506 1264 562 1333 καὶ
593 1275 640 1357 τῷ
667 1264 702 1351 γ’
730 1266 791 1334 ἐὰν
822 1264 861 1334 δὲ
891 1262 958 1333 ἇπδ
989 1272 1077 1333 ίσων
1108 1272 1167 1335 ίσιτ

149 1371 330 1460 ἀφαιρεθῇ.
357 1369 396 1439 τὸ
410 1370 448 1440 δὲ
462 1372 515 1440 ἐπὶ
528 1373 614 1440 τέλει
627 1375 689 1439 τοῦ
701 1370 920 1459 θεωρήματος
933 1372 969 1439 έν
983 1373 1027 1459 δὴ
1040 1370 1167 1441 τούτου

150 1477 302 1564 φανερὸν
328 1477 477 1564 πόρισμα
510 1480 611 1547 ἐστιν.
664 1478 703 1547 τὸ
731 1474 769 1546 δὲ
795 1476 944 1565 πόρισμα
970 1477 1009 1545 έν
1036 1502 1070 1545 τι
1096 1482 1166 1549 τόν

97 1606 131 1655 10
150 1587 381 1670 γεωμετρικῶν
410 1582 587 1671 ὀνομάτων
615 1586 723 1667 ἐστίν,
754 1589 911 1671 σημαίνει
937 1582 976 1652 ob
1001 1584 1166 1673 διάφορα·

149 1693 290 1757 καλοῦσι
308 1688 372 1774 γὰρ
396 1696 595 1776 πορίσματα,
617 1689 674 1757 καὶ
692 1686 756 1758 ὅσα
778 1689 981 1779 θεωρήματα
1003 1710 1166 1777 συγκατα-

151 1794 368 1875 σκευάζονιαι
391 1793 475 1880 πρὸς
497 1792 611 1863 ἄλλων
639 1794 830 1883 ἀπόδειξιν,
858 1789 934 1865 οἷον
960 1798 1084 1884 ἕρμαια
1109 1796 1166 1867 καὶ

150 1904 251 1985 κέρδη
271 1905 339 1967 τῶν
355 1900 544 1985 ζητούντων
557 1898 764 1988 ὑπάρχοντα,
781 1903 836 1971 καὶ
851 1900 915 1971 ὅσα
932 1908 1074 1990 ζητεῖται
1092 1904 1166 1991 μέν,

151 2004 313 2090 εὑρέσεως
346 2003 382 2074 δὲ
416 2005 526 2094 χρῄζει
561 2007 616 2074 καὶ
650 2005 727 2076 οὔτε
758 2011 919 2095 γενέσεως
950 2010 1057 2096 μόνης
1089 2010 1166 2079 οὔτε

99 2135 132 2184 15
150 2116 297 2196 θεωρίας
324 2109 438 2199 ἁπλῆς.
485 2114 538 2182 ἐπὶ
565 2115 628 2200 μὲν
655 2114 720 2201 γὰρ
747 2119 815 2183 τῶν
843 2114 1077 2202 θεωρημάτων
1107 2114 1165 2185 ὑπ-

152 2217 325 2303 αρχόντων
353 2217 419 2306 ἤδη
446 2224 515 2288 τοῖν
542 2220 746 2306 πραγμάτων
773 2225 946 2307 θεωρῆσαι
968 2220 1079 2307 μόνον
1103 2225 1165 2308 δελ,

152 2325 204 2392 ἐπὶ
216 2324 251 2392 δὲ
266 2328 333 2393 τῶν
343 2326 588 2415 προβλημάτων
603 2333 740 2413 ποίησιν
750 2324 884 2395 ἀπαιτεῖ
894 2325 932 2395 τὸ
942 2334 1165 2415 προκείμενον

151 2427 172 2517 ἢ
196 2431 258 2518 τὴν
280 2439 409 2517 γωνίαν
433 2438 510 2520 δίχα
532 2447 643 2520 τεμεῖν
662 2430 683 2518 ἢ
703 2440 870 2519 τρίγωνον
889 2433 1125 2519 συστήσασθαι
1143 2431 1164 2522 ἦ

151 2537 289 2624 ἀφελεῖν
307 2535 328 2623 ἢ
349 2540 485 2621 θέσθαι,
504 2542 565 2606 τοῦ
584 2539 621 2607 δὲ
641 2540 805 2618 δοθέντος
823 2538 950 2607 κύκλου
967 2541 1005 2607 τδ
1024 2541 1165 2629 κέντρον

98 2666 132 2715 20
151 2641 263 2727 εὑρεῖν
290 2639 311 2729 ἢ
341 2642 404 2711 δύο
433 2646 607 2712 δοθέντων
635 2647 833 2731 συμμέτρων
861 2649 1014 2731 μεγεθῶν
1042 2643 1082 2713 τὸ
1111 2648 1165 2732 μέ-

151 2770 268 2833 γιστον
299 2749 355 2816 καὶ
387 2749 505 2818 κοινὸν
538 2752 660 2836 μέτρον
692 2748 804 2836 εὑρεῖν
835 2752 891 2819 καὶ
928 2749 991 2818 ὅσα
1026 2757 1166 2821 τοιαῦτα

151 2854 273 2940 μεταξύ
296 2854 366 2935 πως
389 2859 457 2923 έστι
480 2858 725 2943 προβλημάτων
746 2858 800 2924 καὶ
819 2859 1064 2943 θεωρημάτων·
1089 2856 1166 2928 οὔτε

151 2959 215 3047 γὰρ
239 2963 384 3046 γενέσεις
407 2963 493 3029 είσλν
517 2965 555 3030 ἐν
579 2962 712 3043 τούτοις
736 2967 805 3032 τῶν
833 2967 1060 3051 ζητουμένων,
1090 2963 1162 3035 ἄλλ’

152 3065 309 3153 εὑρέσεις,
334 3067 411 3136 οὔτε
434 3074 562 3154 θεωρία
585 3070 679 3155 ψιλή.
715 3068 798 3137 ἀλλὰ
822 3071 897 3156 περὶ
921 3070 983 3157 μὲν
1006 3075 1076 3139 τῶν
1099 3098 1165 3141 τοι-

98 3198 133 3247 25
153 3175 263 3241 αὑτων
277 3174 494 3259 πορισμοίτων
508 3179 578 3242 ίδια
594 3177 804 3262 συνέγραψεν
819 3174 1033 3263 ὑΕίκλείδης
1042 3183 1166 3265 βιβλία.

151 3279 191 3347 τὰ
216 3278 252 3348 δὲ
276 3283 312 3347 ἐν
337 3284 377 3367 τῇ
406 3280 608 3366 στοιχειώσει
636 3288 824 3368 πορίσματα
851 3289 1166 3368 συναναφαίνονται

152 3385 214 3473 μὲν
237 3399 309 3465 ταῖς
332 3383 445 3453 ἄλλων
472 3384 699 3474 ἀποδειξεσιν,
731 3386 816 3455 αὐτὰ
846 3387 882 3457 δὲ
911 3392 1167 3478 προηγουμένης

225 3621 248 3669 7.
269 3616 317 3688 τῷ]
333 3616 405 3685 (alt.)
420 3636 447 3685 q,
462 3616 493 3670 ια’
510 3616 532 3667 V
548 3620 577 3671 et
590 3617 610 3685 f,
625 3618 673 3670 sed
684 3634 752 3673 corr.
814 3624 855 3673 12.
874 3615 955 3689 πρός]
975 3624 1036 3682 ταῖς
1051 3622 1081 3673 et
1095 3615 1168 3677 ἄπο·

152 3688 274 3752 δείξεσιν
293 3686 409 3741 Ρτοολοι
428 3706 455 3759 p.
474 3693 535 3754 001,
554 3694 669 3744 23-24.
742 3694 784 3743 23.
809 3684 870 3743 ἀλλ’
891 3721 924 3730 -
944 3697 987 3744 24.
1006 3688 1091 3763 ψιλή]
1111 3709 1166 3747 om.

151 3757 230 3826 qu3
255 3758 302 3813 cfr.
322 3758 438 3814 Proolus
456 3777 483 3828 p.
503 3765 569 3828 302,
587 3765 693 3815 9-10.
766 3766 809 3815 26.
834 3763 1080 3830 συναναφαίνεται
1099 3782 1118 3833 q
1138 3766 1169 3819 et

152 3830 266 3885 Proclus
285 3849 311 3901 p.
332 3836 392 3898 002,
412 3835 454 3885 15.
