2414 4236
134 478 201 544 204
287 480 446 533 scflom
462 480 502 534 m
519 480 796 537 υεωιευευοευιε
812 480 987 535 mauu

132 631 195 691 τοῦ
217 626 345 711 χωρίου
365 618 405 690 τό
427 622 533 709 μήτιος
554 619 661 707 αὐτῆς
684 622 747 709 τῆς
772 618 926 708 εὐθείας,
952 617 1028 689 τότε
1049 616 1150 710 ύπερ-

134 728 284 815 βάλλειν,
307 725 362 796 ότε
384 726 423 795 δὲ
445 724 590 796 ἔλασσόν
608 728 678 795 ἐστι
695 724 735 797 τό
752 726 884 815 γραφὲν
900 731 1028 817 χωρίον
1044 723 1151 815 αὐτῆς

135 839 194 922 τῆς
217 833 369 921 εὐθείας,
397 830 443 915 ώς
468 829 557 903 εἶναι
582 832 622 903 τό
649 832 713 921 μὲν
739 838 865 922 χωρίον
887 830 998 920 ἐντός,
1024 830 1089 920 τήν
1112 832 1151 903 θλ

135 938 275 1010 εόθεεαν
303 937 507 1028 περιττεύειν
535 940 643 1027 ἐκτός,
676 940 850 1011 ἐλλείπειν.
898 943 969 1009 τών
994 938 1057 1027 μδν
1084 928 1151 1009 οὐν

98 1066 115 1114 ε
135 1050 262 1117 λοιπόν
285 1046 349 1116 δύο
372 1044 392 1116 ὁ
411 1044 597 1133 Εὐκλείδης
619 1047 658 1115 ἐν
680 1048 727 1139 τῷ
746 1044 779 1119 ς’
797 1052 916 1141 βιβλίῳ
934 1047 1151 1134 μνημονεύει,

135 1157 285 1223 ἐνταῦθα
312 1152 350 1222 δὲ
379 1156 419 1235 τά
421 1180 438 1233 ς
468 1154 661 1240 παραβολῆς
689 1150 815 1240 ἐδεήθη
842 1155 887 1244 τῷ
914 1152 1054 1221 δοθέντι
1080 1177 1151 1240 τρι-

134 1259 234 1351 γώνῳ
267 1268 343 1329 ίσον
375 1261 504 1329 ἐθέλων
535 1262 744 1345 παραβαλεῖν
774 1256 864 1346 παρὰ
894 1256 958 1346 τήν
985 1262 1150 1327 δοθεῖσαν

135 1364 284 1435 εὐθεῖαν.
330 1370 399 1434 ἔστι
422 1365 461 1434 δὲ
482 1368 640 1434 τοιοῦτον
661 1362 701 1433 τὸ
723 1363 962 1451 παραβάλλειν,
984 1358 1061 1434 οἷον
1083 1389 1151 1452 τρι·

134 1471 250 1559 γώνου
269 1473 431 1553 δοθέντος
448 1468 487 1539 τὸ
506 1469 655 1558 ἐμβαδὸν
670 1474 806 1558 ἔχοντος
818 1462 856 1558 ι“β
866 1472 995 1555 ποδών,
1013 1467 1151 1551 εὐθείας

83 1595 116 1643 10
135 1578 173 1647 δὲ
197 1580 402 1666 ἐπιεειμὲνης,
423 1568 465 1665 ής
487 1573 525 1647 τό
549 1587 652 1665 μῆκος
674 1574 840 1665 τεττάρων
862 1578 932 1647 ἐστὶ
953 1580 1087 1664 ποδῶν,
1109 1574 1150 1645 τὸ

135 1692 212 1753 ίσον
234 1688 280 1777 τῷ
303 1683 456 1775 τριγώνρι
478 1681 568 1772 παρὰ
590 1683 654 1771 τήν
682 1680 822 1752 εὐθεῖαν
848 1682 1093 1772 παραβάλλειν,
1119 1686 1152 1753 εί

136 1791 295 1876 λαβόντες
316 1788 354 1858 τὸ
378 1794 485 1877 μῆκος
507 1788 675 1859 όλοντών
694 1782 849 1859 δποδώυ
867 1787 925 1857 διὰ
943 1794 1006 1859 τοῦ
1023 1788 1151 1877 μήτιους

134 1896 277 1984 εὕρομεν
295 1896 352 1964 ιιαλ
369 1895 409 1965 τὸ
427 1894 562 1983 πλάτος,
584 1894 676 1965 ὀσων
694 1892 783 1966 εἶναι
801 1899 856 1964 δελ
870 1899 999 1982 ποδοῖν,
1021 1898 1079 1964 ἰ’να
1101 1900 1149 1987 τρῐ

134 2000 288 2091 τριγώνῳ
311 2001 349 2070 τὸ
371 2000 721 2091 παραλληλόγραμμον
744 2010 820 2070 ίσον
841 2003 991 2089 γίνηται·
1021 1996 1096 2070 οἷον
1120 2007 1152 2070 εί

83 2123 116 2171 15
135 2110 229 2195 τύχοι
253 2104 294 2176 ὀν
317 2106 354 2178 τὸ
373 2108 498 2189 πλάτος
520 2116 541 2193 γ
564 2112 692 2194 ποδῶν,
715 2108 898 2195 ποιήσομεν
917 2107 954 2177 τὸ
974 2113 1078 2195 μηκος
1096 2110 1150 2177 ἐπί

134 2214 172 2282 τό
196 2214 332 2299 πλάτος,
356 2214 465 2303 ὀρθῆς
488 2214 526 2285 δὲ
548 2217 731 2303 γενομένης
753 2219 812 2301 τῆς
829 2221 955 2302 γωνίας
973 2216 1091 2302 ἕξομεν
1109 2215 1149 2283 τὸ

134 2328 268 2409 χωρίον,
303 2327 378 2408 τρία
398 2321 435 2391 δὲ
454 2321 493 2391 τὰ
514 2324 679 2410 δεδομένα
698 2325 798 2412 ἐντῷ
817 2321 1025 2408 προβλήματι
1039 2321 1148 2412 τούτῳ

136 2430 238 2514 ἐστίν,
261 2429 391 2515 εὐθεῖα,
414 2428 493 2514 παρ’
511 2426 554 2515 ἣν
574 2432 628 2496 θεί
643 2433 849 2516 παραβαλεῖν
868 2426 912 2508 ώς
936 2425 1019 2514 ὅλην
1043 2427 1150 2496 αὐτοῦ

134 2539 194 2602 τοῦ
217 2541 344 2623 χωρίου
366 2539 523 2619 γίνεσθαι
545 2533 709 2618 πλευράν,
734 2533 790 2600 καί
813 2539 996 2621 τρίγωνον,
1020 2525 1047 2625 ᾦ
1072 2543 1148 2602 ίσον

80 2656 116 2705 20
134 2637 221 2708 εἶναι
244 2643 299 2706 δεῖ
318 2638 356 2708 τό
375 2639 686 2727 παραβαλλόμενον,
708 2639 764 2706 καί
782 2644 900 2725 γωνία,
922 2631 945 2728 ᾗ
964 2649 1042 2726 ίσην
1059 2639 1147 2709 εἶναι

135 2748 190 2812 δεῖ
209 2743 271 2830 τὴν
293 2749 500 2832 τοῦχωρίου
519 2750 654 2830 γωνίαν.
692 2747 797 2830 δῆλον
818 2747 865 2830 δι’,
890 2743 941 2813 ὀτι
961 2744 1069 2832 ὀρθῆς
1085 2747 1148 2833 μὲν

135 2847 239 2936 ούσης
265 2855 322 2937 τῆς
349 2855 474 2936 γωνίας
501 2848 539 2917 τὸ
563 2848 863 2937 παραβαλλόμενον
890 2848 910 2937 ἢ
934 2852 1147 2939 τετράγωνον

134 2953 155 3042 ἢ
180 2956 374 3044 ἑτερόμηκες
397 2961 504 3040 ἔσται,
533 2952 640 3037 ὀξείας
664 2954 701 3023 δὲ
724 2952 745 3041 ἢ
768 2953 928 3043 ἀμβλείας
954 2970 991 3025 τὸ
1019 2965 1146 3047 χωρίον

133 3059 154 3149 ἦ
179 3063 305 3150 βόμβος
328 3068 420 3130 ἔσται
448 3057 469 3149 ἢ
497 3063 700 3148 βομβοειθός.
751 3061 854 3131 είπών
888 3064 940 3148 δέ,
973 3060 1025 3132 ότι
1056 3067 1148 3154 παρὰ

80 3186 114 3235 25
133 3167 195 3255 τὴν
215 3171 378 3236 δοθεῖσαν
397 3164 537 3235 εὐθεῖαν
555 3173 771 3255 παραβαλεῖν,
791 3171 927 3253 ἔδειξεν,
947 3166 998 3237 ότι
1017 3170 1147 3260 ἀνάγκη

133 3273 196 3361 τὴν
224 3271 363 3342 εὐθεῖαν
391 3276 645 3362 πεπερασμένην
672 3271 769 3342 είναι.
820 3280 916 3361 ἔλαβε
945 3274 982 3343 δὲ
1010 3283 1057 3357 είς
1083 3278 1148 3366 τὴν

133 3379 340 3467 κατασκευὴν
359 3385 420 3449 τοῦ
438 3380 672 3469 προβλήματος
689 3380 811 3448 τούτου
829 3378 891 3466 τήν
905 3382 1067 3451 σύστασιν
1085 3389 1149 3453 τού

133 3487 482 3575 παραλληλογράμμου
518 3492 580 3555 τοῦ
616 3496 694 3555 ίσον
729 3490 775 3577 τῷ
808 3487 948 3556 δοθέντι
979 3489 1146 3581 τριγώνῳ,

134 3595 286 3682 διαφέρει
319 3594 356 3663 δὲ
385 3592 405 3681 ἡ
439 3595 597 3673 σύστασις
628 3597 686 3680 τῆς
716 3598 923 3680 παραβολῆς,
956 3593 1006 3663 ότι
1034 3594 1055 3682 ἡ
1083 3597 1146 3682 μὲν

132 3714 345 3725 --—-—-

205 3762 229 3810 7.
248 3756 324 3827 ἴσον]
344 3775 375 3826 q,
394 3757 463 3812 ίσων
478 3754 510 3811 V.
567 3760 609 3808 11.
629 3750 671 3826 εί]
690 3747 780 3821 ήλῙη.
837 3760 878 3807 13.
897 3749 983 3824 ὅτων]
1004 3748 1072 3809 ὅσον
1087 3755 1146 3826 Vq.

171 3832 213 3881 28.
234 3824 537 3899 παραλληλογράμμου]
557 3840 627 3880 corr.
647 3841 681 3880 ex
699 3822 879 3892 παραλλήλου
897 3823 1029 3895 γράμμου
1048 3825 1081 3884 V.
