2414 4236
229 484 386 538 scnom
402 485 442 537 m
460 486 736 539 ωειωωτοαυυ
752 489 926 543 mum
1015 485 1079 550 143

66 627 172 713 μένον
193 627 232 694 ἐν
256 623 363 717 τούτω
387 629 564 713 ζητοῦμεν,
591 628 647 694 καὶ
675 631 843 696 δείκνυται
867 627 924 696 διά
951 632 1010 715 τῆς
1033 634 1080 709 είς

67 730 238 801 ἀδύνατον
261 729 449 818 ἀπαγωγῆς.
496 730 583 800 οὕτω
607 733 671 819 γάρ
694 741 788 819 φιλεῖ
807 732 848 801 τά
872 733 1078 821 ἀντίστροφα

67 842 266 907 δείκνυσθαι
287 841 358 905 τῶν
379 837 619 924 θεωρημάτων.
654 843 800 907 τοσαῦτα
822 841 898 926 περὶ
921 851 979 927 τῆς
998 866 1077 926 κρο-

65 945 200 1025 τάσεως.
244 954 363 1032 χρῆται
387 943 425 1012 δὲ
448 947 485 1013 ἐν
507 949 547 1034 τῇ
571 949 756 1034 κατασκευῇ
780 945 831 1013 ἑνὶ
855 945 1008 1032 αίτήματι
1031 958 1077 1038 τῷ

67 1052 209 1144 δεντίρφ
232 1053 279 1142 τῷ
302 1061 415 1118 πᾶσαν
438 1049 577 1119 εὐθεῖαν
599 1053 851 1141 πεπερασμένην
872 1050 921 1119 ἐπ’
938 1051 1078 1121 εὐθεῖαν
1114 1075 1131 1125 ο

65 1161 218 1245 ἐκβαλεῖν
241 1159 440 1250 αίτονμένφ,
463 1158 617 1244 καθάπερ
641 1161 678 1226 ἐν
700 1163 741 1247 τῇ
762 1156 928 1239 ἀποδείξει
946 1163 991 1250 τῷ
1011 1159 1075 1245 τρὸ

62 1263 188 1333 τούτου
209 1263 421 1352 θεωρήματι,
448 1264 504 1331 καὶ
532 1264 632 1332 δυσὶν
655 1261 818 1350 ἀξιώμασι
840 1268 887 1355 τῷ
910 1289 944 1331 τε
968 1263 1007 1330 τά
1032 1269 1077 1354 τῷ

63 1369 154 1462 αὐτῷ
188 1378 246 1438 ίσα
277 1368 435 1457 ἀλλήλοις
467 1378 523 1438 ίσα
555 1372 611 1438 καὶ
642 1375 688 1462 τῷ
712 1369 772 1439 ἑάν
805 1366 871 1438 ἀπὸ
904 1378 988 1437 ίσων
1021 1377 1077 1437 ίσα

63 1475 250 1564 ἀφαιρεθῇ,
261 1474 302 1545 τά
317 1483 418 1544 λοιαα
432 1474 520 1545 εἶναι
530 1485 598 1561 ίσα,
612 1476 696 1562 πρὸς
705 1476 743 1545 δὲ
756 1478 818 1563 τὴν
830 1487 893 1543 τοῦ
906 1472 1078 1543 ἀδυνάτου

64 1580 280 1668 συναγωγήν,
302 1580 354 1650 ὅτι
376 1585 414 1650 τὸ
438 1581 520 1651 ὅλον
541 1586 604 1651 τοῦ
627 1584 749 1671 μέρους
766 1582 878 1668 μεῑζάν
896 1586 1000 1650 ἐστιν·
1032 1573 1077 1667 ἦν
1097 1605 1130 1655 10

62 1686 103 1756 δὲ
126 1687 184 1756 καὶ
207 1695 284 1756 ἴσον
305 1692 382 1775 μιᾶς
404 1692 463 1774 τῆς
484 1693 601 1774 κοινῆς
622 1694 748 1774 γωνίας
769 1688 931 1774 κινήσεως
952 1694 1077 1774 γωνίας

61 1792 294 1884 ἀφῃρημένης·
314 1792 404 1880 Ιι’)ἀερ
427 1796 517 1863 ἐστὶν
541 1792 722 1862 ἀδύνατον.

439 1992 493 2057 Ad
516 2014 619 2076 prop.
642 1991 712 2058 XV.

134 2116 186 2181 61.
213 2108 349 2197 Ἰστίον,
372 2109 479 2180 ὅτιτὸ
499 2112 541 2180 ιε’
560 2111 722 2199 θεώρημα
742 2117 922 2200 δείκνυσιν,
942 2111 992 2181 ὅτι
1012 2112 1075 2181 δύο

59 2218 209 2288 εὐθειῶν
231 2216 377 2305 ἀλλήλας
398 2223 594 2304 ’τεμνουσων
617 2222 654 2285 αί
675 2218 757 2286 κατὰ
780 2218 934 2305 κορυφὴν
956 2224 1076 2303 γωνίαι
1096 2241 1130 2291 15

59 2335 135 2394 ἴσαι
158 2328 234 2410 εἰσί,
258 2327 458 2413 διαφέρουσι
483 2324 519 2392 δλ
543 2329 580 2392 αί
595 2323 678 2393 κατά
696 2324 852 2413 κορυφὴν
869 2329 990 2410 γωνίαι
1008 2335 1076 2391 τῶν

59 2429 183 2516 ἐφεξῆς
210 2435 359 2517 γωνιῶν,
387 2430 439 2500 ὅτι
465 2436 534 2500 των
562 2430 623 2518 μὲν
652 2432 769 2517 ἐφεξῆς
795 2428 816 2517 ἡ
845 2432 975 2516 γένεσις
1002 2429 1077 2516 περὶ

57 2541 147 2625 μίαν
169 2534 308 2605 εὐθεῖαν
330 2537 457 2622 ἐγίνετο
482 2537 722 2624 διαιρουμένην
744 2531 805 2622 ὑφ’
827 2537 940 2621 ἑτέρας
958 2533 1077 2622 μόνον,

57 2646 132 2711 τῶν
152 2640 190 2711 δὲ
208 2639 291 2711 κατά
310 2643 465 2730 κορυφὴν
482 2645 565 2711 κατὰ
583 2642 645 2728 τὴν
663 2640 772 2729 τομὴν
789 2648 916 2729 γίνεται
930 2647 998 2712 των
1013 2645 1075 2712 δύο

57 2746 221 2818 εὐθειῶν.
267 2748 326 2816 ἐάν
349 2747 411 2836 μὲν
434 2747 499 2837 γὰρ
525 2742 548 2837 ᾖ
576 2746 694 2816 εὐθεῖα
721 2747 879 2836 ἀτμητος,
906 2752 1008 2838 τέμνῃ
1038 2748 1074 2818 δὲ
1095 2772 1129 2821 20

55 2858 109 2947 τῷ
133 2850 254 2940 ἑαυτῆς
275 2856 390 2942 τέρατι
412 2851 528 2943 ἓτέραν
552 2851 702 2941 εὐθεῖαν,
723 2854 806 2924 κατά
830 2854 866 2924 δὲ
889 2854 951 2942 τὴν
969 2855 1076 2942 τομὴν

56 2964 198 3047 ἐκείνην
226 2958 290 3028 δύο
319 2971 397 3050 ποιῇ
426 2967 566 3047 γωνίας,
597 2960 720 3041 ταύτας
751 2966 919 3046 καλοῦμεν
947 2963 1076 3047 ἐφεξῆς,

56 3065 123 3137 ἐὰν
153 3065 191 3136 δὲ
217 3063 275 3135 ἀπ’
301 3065 455 3153 ἀλλήλων
481 3071 636 3153 τμηθωσι
666 3069 727 3134 δύο
757 3065 903 3151 εὐθεῖαι,
932 3069 969 3132 αί
993 3067 1076 3134 κατὰ

55 3171 122 3255 τὰς
154 3170 259 3260 τομάς
289 3169 550 3260 ἀποτελούμεναι
581 3179 702 3259 γωνίαι
729 3173 811 3240 κατὰ
841 3172 997 3258 κορυφὴν
1027 3174 1076 3239 λε’-

56 3304 199 3369 γονται,
224 3285 406 3347 καλοῦνται
430 3277 467 3346 δὲ
490 3279 611 3364 οὕτως,
640 3279 691 3347 ὅτι
714 3276 773 3357 τὰς
794 3278 945 3364 κορυφὰς
968 3282 1016 3356 είς
1037 3278 1074 3345 τὸ
1095 3300 1129 3349 νο

136 3463 179 3513 ⁶1.
207 3455 340 3581 Pffq»
368 3455 434 3511 hinc
456 3456 492 3511 de
510 3454 545 3509 P'
567 3455 639 3510 nihil
659 3455 717 3511 fere
736 3454 883 3522 εδοοιεαί,
907 3455 955 3510 sed
979 3455 1076 3509 eadem

56 3531 121 3585 fere
139 3528 251 3583 τοΙιοΙιε,
288 3528 362 3603 φοοδ.

145 3644 179 3652 -ι-
182 3640 278 3650 ‘—

133 3689 225 3762 δτῷ]
240 3688 298 3742 τάν
313 3703 404 3757 οοωρ.
418 3684 448 3742 P.
509 3693 533 3741 7.
548 3704 577 3741 τε
592 3682 626 3740 τά
641 3686 692 3758 τῷ]
707 3682 830 3757 τετάρτῳ
844 3685 875 3739 Ρ.
938 3689 962 3738 8.
978 3684 1077 3738 Utrum

56 3760 215 3817 σωθεῖσα
234 3753 365 3827 ἀλλήλοις
385 3757 432 3811 ἴσα
446 3759 503 3817 ,καί
518 3757 548 3812 in
566 3755 589 3810 P
606 3757 738 3827 legantur
757 3773 852 3823 necne,
872 3755 978 3812 dubito.
1034 3761 1078 3810 20.

56 3828 122 3904 ἕάν]
141 3832 187 3889 bis
205 3830 240 3887 V·
