2414 4236
330 487 512 539 Αοαοαυια
532 484 770 538 εοΗοοΙοοοα
788 486 834 539 IV.
1025 481 1089 546 729

70 624 91 697 6
117 625 184 715 ἄρα
206 631 250 714 μβ
279 639 393 715 μετρεῖ
411 625 472 694 τὸν
495 631 529 707 εξ
549 623 632 692 κατδι
654 622 712 705 τὰς
735 627 841 717 ἐντῷ
865 652 908 711 αμ
930 624 1090 712 μονάδας.

69 733 175 803 πάλιν
190 733 259 803 ἐπεὶ
280 730 298 802 6
315 739 358 820 μβ
374 730 496 801 ἑαυτὸν
509 730 804 812 πολλαπλασιάσας
818 733 952 816 ἐποίησε
966 729 1026 799 τδυ
1042 737 1090 817 ζη,

71 852 188 929 μετρεῖ
208 837 274 925 ἄρα
298 836 316 907 6
338 845 382 925 μβ
405 837 467 907 τὸν
491 844 527 924 ζη
550 835 634 905 κατὰ
658 835 717 916 τὰς
740 837 777 904 ἐν
801 836 906 927 ἕαυτῳ
931 836 1089 924 μονάδας.

72 948 202 1035 ἐμέτρει
234 944 272 1013 δὲ
302 945 359 1012 καὶ
386 943 447 1013 τὸν
470 950 504 1026 εζ
528 940 611 1011 κατὰ
637 946 698 1021 τὰς
725 944 762 1011 ἐν
790 947 836 1029 τῷ
860 969 903 1029 αμ
931 942 1089 1029 μονάδας.

71 1048 156 1121 ὅλον
178 1049 245 1138 ἄρα
266 1049 328 1119 τὸν
351 1076 388 1137 εη
412 1062 525 1138 μετρεῖ
546 1046 564 1117 6
588 1052 632 1135 μβ
654 1047 737 1116 κατὰ
760 1049 818 1128 τὰς
841 1051 878 1117 ἐν
901 1060 946 1141 τῷ
966 1056 1010 1136 οιβ
1032 1077 1088 1137 μο-
1125 1072 1142 1122 σ

499 1229 515 1277 γ
615 1209 633 1279 β
676 1155 793 1330 υάδαςέ
828 1158 955 1286 ἐμέτρει
978 1156 1016 1286 δὲ
1033 1159 1089 1334 ιιὲδ

510 1280 626 1316 ¹—¹
674 1288 736 1331 τον
832 1289 915 1332 κατα
958 1289 1016 1344 τας
1069 1292 1090 1333 ν

624 1385 629 1421 ¹
677 1372 724 1461 τῷ
738 1376 782 1457 οιβ
796 1369 955 1457 μονάδας.
983 1371 1091 1452 ἰσάκις

71 1492 631 1596 Γ--Ἷι--ἦ
677 1473 743 1561 ἄρα
784 1473 803 1544 6
843 1482 887 1563 μβ
932 1476 1090 1563 ἑκάτερον

675 1585 744 1651 τῶν
773 1586 810 1668 δ,
831 1609 868 1669 εη
897 1597 1020 1671 μετρεῖ·
1057 1587 1093 1651 οδ
1109 1602 1143 1654 10

73 1690 114 1759 δὲ
143 1686 208 1758 ὑπὸ
241 1698 304 1758 τοῦ
332 1686 438 1757 αὐτοῦ
466 1689 574 1768 ἰσάκις
596 1687 817 1776 μετρούμενοι
840 1697 908 1757 λσοι
934 1687 1091 1775 ἀλλήλοις

77 1800 180 1865 εἰσίν·
208 1803 281 1875 ἴσος
303 1793 369 1884 άρα
392 1794 483 1865 ἐστὶν
508 1791 526 1863 6
551 1799 571 1862 6
594 1798 640 1886 τῷ
664 1821 711 1882 εη.
749 1801 809 1863 καί
829 1797 920 1864 ἐστιν
943 1793 962 1866 6
986 1795 1048 1884 μὲν
1070 1802 1090 1865 δ

74 1900 94 1970 δ
120 1903 157 1970 ἐκ
177 1905 247 1972 τῶν
270 1908 329 1988 αβ,
348 1907 391 1988 βμ
414 1902 584 1986 ἐπίπεδος,
613 1898 693 1970 ὁδὶ
715 1927 753 1988 ιη
777 1900 795 1970 6
819 1905 855 1972 ἐκ
877 1906 947 1971 τάν
970 1931 1029 1989 αμ,
1048 1909 1091 1989 μβ

71 2011 230 2088 ἐπίπεδος
257 2006 322 2076 σὺν
348 2012 394 2099 τῷ
423 2006 489 2076 άπὸ
518 2011 580 2075 τοῦ
602 2013 646 2094 μβ
672 2008 878 2101 τετραγώνῳ.
920 2006 938 2078 6
964 2007 1030 2097 ἄρα
1055 2012 1090 2077 ἐκ

71 2118 143 2183 τῶν
166 2119 225 2201 αβ,
244 2119 288 2200 βμ
315 2115 471 2193 ἐπίπεδος
494 2122 566 2193 ἴσος
588 2113 657 2182 ἐστὶ
683 2118 729 2205 τῳ
752 2141 787 2183 τε
815 2117 851 2183 ἐκ
877 2125 946 2184 τῶν
970 2142 1028 2201 αμ,
1048 2120 1090 2202 μβ
1110 2132 1144 2183 1ο

72 2221 219 2311 ἐπιπέδῳ
242 2220 298 2288 καὶ
321 2229 368 2312 τῳ
391 2216 458 2287 άπὸ
482 2228 546 2287 τοῦ
568 2222 612 2304 μβ
634 2219 841 2311 τετραμάνῳ.

142 2324 203 2394 ἐὰν
231 2321 297 2411 άροι
324 2321 471 2412 άρνδμδς
498 2328 556 2403 εἰς’
573 2322 636 2392 δύο
664 2321 833 2411 άρνδμοὺς
857 2327 1019 2413 τυχόντας
1042 2332 1090 2397 δι·

73 2434 214 2521 ιιιρεδῇ,
238 2427 257 2499 6
282 2432 319 2499 ἐκ
340 2439 402 2498 τοῦ
426 2427 511 2499 ὅλου
532 2430 588 2498 καὶ
611 2430 689 2510 ἑνὸς
709 2434 778 2499 τῶν
801 2437 913 2520 μερῶν
937 2436 1092 2514 ἐπίπεδος

74 2547 150 2617 ἴσος
177 2536 247 2605 ἐστὶ
275 2547 322 2629 τῳ
350 2562 385 2604 τε
413 2539 450 2606 ἐκ
471 2541 540 2605 τῶν
564 2540 677 2624 μεροῖν
699 2539 843 2629 ἐπιπέδῳ
867 2537 932 2607 σὺν
954 2543 1000 2631 τῷ
1023 2537 1091 2609 άπὸ

73 2646 139 2712 τοῦ
156 2644 404 2731 προειρημένου
422 2645 546 2731 μέρους
563 2642 775 2735 τετραμιάνῳ·
798 2644 879 2732 ὅπερ
895 2650 963 2713 ἔδει
978 2650 1091 2729 δεῖξαι.
1110 2672 1146 2723 20

563 2854 606 2925 δ’.

142 2975 222 3045 Ἐδιν
250 2974 397 3065 ἀριθμὸς
424 2982 582 3068 διαιρεθῇ
611 2983 659 3058 εἰς
682 2978 745 3047 δύο
770 2980 954 3069 ἀριθμούς,
982 2981 1001 3052 6
1024 2981 1091 3052 άπὸ

73 3087 139 3153 τοῦ
166 3081 250 3152 ὅλου
276 3084 484 3170 τετράμοινος
513 3092 586 3165 ἴσος
608 3085 678 3155 ἐστὶ
704 3100 775 3167 τοῖς
797 3086 864 3158 άπὸ
887 3092 957 3159 τῶν
980 3094 1091 3177 μερῶν

73 3188 300 3276 τετραμιόνοις
322 3188 378 3256 καὶ
400 3192 448 3280 τῷ
472 3190 525 3271 δὶς
548 3193 584 3260 ἐκ
606 3194 675 3259 τοῖν
698 3196 810 3281 μερῶν
833 3196 983 3287 ἐπιπέδῳ.

144 3294 292 3384 ἀριθμὸς
322 3292 388 3383 μδιρ
417 3293 435 3364 6
465 3302 509 3383 αβ
540 3298 716 3386 διῃρήσθω
749 3304 797 3380 εἰς
828 3301 892 3370 δύο
925 3299 1092 3390 ἀριθμοὺς
1109 3326 1145 3377 ασ

73 3400 157 3482 τοὺς
175 3429 229 3488 αμ,
243 3406 295 3487 μβ.
332 3403 429 3489 λέμω,
453 3400 505 3472 ὅτι
528 3400 547 3471 6
571 3401 637 3473 άπὸ
656 3415 718 3472 τοῦ
732 3411 776 3492 αβ
793 3406 1001 3495 τετράγωνος
1019 3417 1092 3489 ἴσος

76 3508 148 3579 ἐστὶ
170 3520 241 3588 τοῖς
262 3533 298 3577 τε
321 3504 385 3577 άπὸ
409 3511 478 3577 τῶν
502 3535 555 3597 οιμ,
574 3515 619 3597 μβ
644 3511 865 3598 τετραμάνοις
892 3515 1016 3606 καὶτῷ
1040 3516 1093 3595 δὶς

75 3616 114 3684 ἐκ
135 3617 204 3682 τῶν
227 3640 282 3699 αμ,
295 3620 338 3701 μβ
361 3615 513 3707 ἐπιπέδῳ.

148 3832 192 3885 λδ.
211 3825 382 3898 διαιρήσδω.
