2414 4236
320 468 501 523 APPENDIX
521 465 757 519 SOHOLIORUM
775 466 810 518 11.
1009 461 1073 527 697

63 608 119 678 ὁτὲ
142 607 204 696 μὲν
228 606 309 695 μετὰ
333 611 392 693 τῆς
414 605 510 693 ὕλης,
540 603 594 674 ὁτὲ
618 603 655 673 δὲ
678 605 761 672 ἀνευ
783 607 842 689 τῆς
863 603 962 690 ὕλης,
984 629 1077 671 τουτ-

63 717 134 784 έστι
157 716 287 783 ἐπίνοια
309 711 400 800 ιγιλή.

131 826 162 890 4.
197 823 277 887 Πᾶν
300 824 467 905 τρίγωνον
490 815 601 898 ὀξεῖαν
625 822 692 904 ἔχει
714 821 842 901 γωνίαν
860 817 917 884 καὶ
936 814 977 885 οὐ
995 821 1076 903 μίαν

63 926 201 1013 ταύτην,
223 923 308 993 ἀλλά
327 923 404 993 δύο·
428 931 493 992 είτε
512 920 728 1009 ὀρθογώνιον
751 929 817 990 είτε
839 918 1077 1009 ἀμβλνγώυιόυ

65 1037 151 1119 ἐστι,
177 1031 237 1112 τάς
260 1028 378 1110 λοιπάς
401 1028 465 1098 δόο
489 1033 614 1116 γωνίας
637 1027 745 1110 ὀξείας
768 1033 842 1115 ἔχει.
887 1026 925 1097 τὸ
948 1028 986 1098 δέ
1009 1030 1077 1097 ίσό-
1114 1023 1130 1100 ὀ

63 1147 211 1225 πλευρον
235 1133 276 1204 οὐ
299 1134 359 1216 τάς
382 1137 461 1221 δύο,
485 1132 570 1202 ἀλλὰ
594 1133 653 1214 τὰς
675 1147 764 1220 τρεῖς
786 1139 853 1222 ἔχει
877 1131 999 1220 ὀξείας,
1022 1135 1078 1201 καί

65 1243 122 1314 διὰ
144 1246 246 1313 τοῦτο
271 1240 459 1329 ὀξυγώνιον
486 1245 585 1310 τοῦτο
615 1239 771 1309 ἐκάλεσεν
799 1239 924 1326 μόνον,
952 1244 1020 1308 τών
1044 1237 1075 1308 δ’

64 1350 178 1419 ἀλλων
210 1349 247 1416 τὸ
281 1346 343 1435 μέν
371 1344 588 1434 ὀρθογώνιον
620 1344 685 1414 ἀπὸ
712 1348 775 1413 τοῦ
802 1348 1080 1426 καλλιστεύοντος

66 1460 193 1541 είδονς,
220 1453 258 1523 τὸ
287 1454 326 1522 δὲ
353 1451 592 1540 ἀμβλυγώνιον
616 1448 681 1519 ἀπὸ
705 1456 767 1519 τοῦ
789 1455 836 1543 τῷ
860 1453 996 1538 μεγέθει
1023 1452 1080 1519 καὶ
1174 1528 1182 1539 ,

66 1560 149 1629 αὐτὸ
172 1559 448 1639 καλλιστεύοντος
468 1556 647 1645 ὑπάρχειν·
684 1563 796 1643 μεῖζον
823 1555 889 1643 γὰρ
917 1555 1000 1627 αὐτὸ
1023 1559 1080 1626 καὶ
1099 1581 1134 1631 10

65 1670 124 1754 της
147 1666 254 1755 ὀρθής
276 1664 378 1736 εἶπεν.

134 1776 164 1842 5.
205 1773 251 1842 Τὸ
275 1773 470 1860 ἑτερόμηκες
496 1774 543 1862 τῷ
565 1773 635 1838 τών
657 1772 812 1856 πλευρῶν
842 1768 948 1862 ἀνίσῳ
972 1770 1081 1857 μόνον

67 1876 280 1947 ἀπολείπεται
302 1876 526 1964 τετραγώνου·
565 1875 606 1944 οὐ
629 1874 763 1956 πάντως
786 1872 910 1963 ὁμοίως
933 1881 999 1965 ἔχει
1022 1876 1082 1958 τάς

68 1981 213 2068 πλευράς
236 1991 319 2063 ίσας.
355 1980 426 2050 είτά
451 1984 521 2050 ἐστι
543 1982 686 2070 ῥόμβος·
709 1980 776 2050 ἀπὸ
799 1981 862 2072 γάρ
885 1987 947 2052 τοῦ
969 2009 1082 2069 τετρα-

68 2087 183 2175 γώνου
202 2088 399 2166 πιεσθέντος
416 2086 500 2155 κατά
518 2090 578 2166 τὰς
596 2085 800 2156 ἀπεναντίον
814 2094 936 2174 γωνίας
954 2094 1081 2175 γίνεται
1101 2105 1135 2155 ιο

68 2191 87 2263 ό
112 2191 238 2282 ῥόμβος
259 2190 472 2280 τετράγωνον
499 2192 536 2260 έν
560 2195 759 2281 διαστροφή.
803 2194 960 2281 τέταρτον
983 2193 1019 2262 δδ
1043 2197 1081 2264 τὸ

69 2299 266 2388 ῥομβοειδὲς
291 2296 337 2380 ώς
364 2295 431 2366 ἀπὸ
458 2301 521 2367 τοῦ
548 2298 770 2387 ἑτερομήκους
794 2296 874 2368 καθ’
902 2297 1082 2388 ὁμοιότητα

69 2406 201 2495 ῥόμβου
223 2403 364 2493 γεγονὸς
385 2405 442 2474 καί
459 2400 543 2474 αὐτὸ
562 2409 750 2493 διαστροφή
768 2409 830 2474 τοῦ
849 2406 1083 2496 ἑτερομήκους·

70 2512 226 2601 ἑκάτερον
249 2512 314 2603 γὰρ
338 2512 498 2598 ἑκατέρου
520 2508 711 2580 ἀντικεῖται.

137 2624 167 2689 6.
197 2618 330 2707 Ἐπειδὴ
351 2632 441 2705 τρεῖς
463 2621 528 2686 είσι
546 2621 608 2687 τοῦ
625 2616 793 2707 τριγώνου
809 2617 892 2686 κατὰ
910 2617 970 2700 τὰς
986 2628 1083 2688 πλευ-
1102 2635 1138 2685 νο

70 2723 131 2811 ράς
154 2728 330 2812 διαφοραί,
359 2723 577 2811 ίσοπλεόρου,
605 2727 800 2805 ίσοσκελοῦς
823 2725 879 2793 καί
902 2730 1083 2812 σκαληνοῦ,

70 2826 200 2916 ἀνάγκη
222 2831 278 2898 καὶ
300 2829 362 2917 τήν
385 2831 549 2900 σύστασιν
572 2834 641 2900 τών
664 2834 792 2899 λοιπών
816 2829 879 2899 δόο
902 2828 1084 2911 ἀποδεῖξαι.

71 2941 265 3005 συνίσταται
284 2927 348 3005 οὖν
366 2933 405 3004 τό
424 2936 593 3015 ίσοσκελδς
605 2941 773 3025 τρίγωνον
787 2937 840 3004 έπδ
854 2940 912 3024 τῆς
925 2941 1085 3023 δοθείσης

70 3040 207 3121 εὐθείας
238 3038 358 3120 οὕτως·
394 3045 478 3108 έστω
505 3038 528 3128 ή
556 3044 698 3109 δοθεῖσα
725 3040 844 3110 εὐθεῖα
870 3040 891 3129 ή
919 3051 1000 3129 AB,
1028 3042 1085 3111 καὶ

71 3149 197 3239 κέντρῳ
214 3158 261 3241 τῷ
280 3157 323 3234 Α,
346 3146 543 3234 διαστήματι
561 3147 599 3216 δὲ
615 3157 662 3239 τῷ
676 3155 742 3216 AB
760 3151 884 3230 κύκλος
901 3148 1084 3237 γεγράφθω
1103 3164 1140 3214 25

72 3250 236 3341 όΑΔΕ,
268 3255 324 3322 καί
351 3254 477 3344 κέντρῳ
504 3255 550 3344 τῷ
579 3259 623 3338 Β,
656 3251 854 3339 διαστήματι
887 3254 925 3323 δὲ
950 3265 997 3346 τῷ
1020 3261 1086 3322 BA

71 3359 194 3441 κύκλος
229 3359 413 3448 γεγράφθω
446 3355 464 3425 ὁ
498 3365 615 3444 ΒΔΖ,
650 3360 706 3427 καί
742 3358 1011 3446 καταγεγράφθω
1046 3361 1084 3428 τὸ

72 3469 191 3554 σχῆμα.
241 3474 298 3554 ἴση
331 3463 373 3552 δή
406 3467 496 3533 ἐστιν
529 3460 551 3551 ή
579 3471 648 3533 AE
676 3468 718 3553 τῇ
749 3472 825 3533 ΒΖ·
861 3462 936 3532 ἀλλ’
970 3463 991 3553 ή
1021 3471 1088 3533 ΑΕ

71 3639 285 3651 ---ιιι

149 3738 173 3787 4.
194 3735 208 3788 t
226 3731 293 3787 ibid.
313 3729 392 3800 (adl
411 3729 466 3786 δεῖ.
482 3732 535 3796 21).
623 3736 647 3786 6.
667 3732 680 3784 t
697 3729 764 3786 ibid.
784 3731 831 3800 (οδ
849 3730 863 3784 Ι
881 3729 935 3787 des.
951 3733 1005 3801 22).

73 3811 97 3862 δ.
119 3802 189 3860 Mut.
208 3803 247 3860 111
266 3807 315 3858 Β4
334 3805 400 3859 νοτε
419 3801 508 3857 Elem.
527 3799 592 3856 libr.
611 3800 625 3854 I
643 3800 691 3871 (ad
707 3799 730 3872 1,
749 3805 784 3872 1).
