2414 4236
218 479 375 532 scnom
392 480 431 532 m
448 479 723 533 ετοιιεοιτοαυιι
740 480 879 532 mum
892 481 926 536 κ
1011 476 1078 542 449

60 620 186 710 ρήματι
215 620 399 706 δεδομένον
426 618 557 705 ἐγένετο
590 621 626 687 έν
653 617 762 710 τούτῳ
792 619 995 707 ζητούμενον
1021 620 1079 688 καὶ

60 724 241 795 ἀνάπαλιν.

130 837 182 902 54.
215 830 273 912 Ὡς
294 829 315 919 ἡ
338 829 452 919 πρότη
476 856 560 918 προς
582 829 647 919 τὴν
668 837 784 919 τρίτην
807 839 875 902 κτλ.
898 857 929 919 p.
948 833 1000 919 20,
1019 835 1077 917 21]

63 938 120 1009 διά
139 937 287 1026 πόρισμα
305 942 367 1006 τού
384 937 418 1006 κ’
437 948 499 1007 τοῦ
517 937 549 1013 ς’
568 942 630 1007 τοῦ
648 940 816 1025 λέγοντος,
835 935 899 1024 ότι,
918 935 977 1006 έάν
990 951 1079 1023 τρεῖς

62 1043 193 1114 εύθείαι
217 1042 386 1131 ἀνάλογον
410 1037 506 1131 ὦσιν,
529 1042 575 1124 ὡς
597 1043 618 1133 ἡ
638 1044 752 1132 πρώτη
771 1042 853 1131 πρὸς
871 1041 934 1132 τὴν
951 1049 1076 1132 τρίτην,
1113 1073 1131 1123 5

64 1153 170 1234 οὕτως
192 1150 230 1221 τὸ
254 1149 319 1221 ἀπὸ
342 1154 400 1240 τῆς
422 1150 555 1238 πραότης
576 1156 744 1237 τρίγωνον
766 1149 850 1237 πρὸς
872 1150 910 1219 τὸ
935 1148 1000 1219 ἀπὸ
1018 1154 1077 1237 τῆς

64 1261 220 1345 δευτέρας
243 1255 281 1327 τὸ
305 1256 425 1345 ὅμοιον
447 1258 503 1324 καὶ
527 1254 650 1343 ὁμοίως
672 1254 965 1343 ἀναγραφόμενον.

431 1453 487 1518 Ad
511 1475 615 1538 prop.
638 1453 711 1519 VII.

131 1577 183 1644 55.
217 1572 272 1643 Ἰἀι
294 1579 352 1662 της
375 1579 423 1655 είς
446 1573 618 1642 ἀδύνατον
642 1562 835 1660 ἀπαγωγῆς.ι

131 1683 183 1749 56.
222 1679 303 1765 Ούκ,
328 1678 373 1760 ὥς
396 1679 439 1749 ἀν
457 1707 506 1761 τις
525 1684 671 1767 οἰηθείη,
690 1680 857 1765 παρέλυον
876 1681 945 1749 έστί
963 1680 1019 1749 διὰ
1038 1707 1076 1749 το
1098 1709 1132 1758 10

63 1793 263 1858 δείκνυσθαι
295 1788 351 1855 καὶ
382 1790 482 1856 τοῦτο
515 1783 554 1854 τὸ
589 1787 804 1871 συνημμένον
838 1785 894 1854 διὰ
922 1791 983 1856 τοῦ
1012 1786 1076 1873 πρὸ

61 1893 178 1964 αὐτοῦ.
211 1893 256 1961 δι’
274 1894 406 1961 ἐκείνου
423 1891 487 1979 γὰρ
508 1890 550 1960 ού
568 1895 679 1977 τοῦτο,
699 1888 772 1959 ἀλλ’
790 1890 841 1960 ὅτι
859 1890 900 1960 τά
914 1891 958 1981 μὴ
974 1892 1078 1979 λόγον

61 2006 181 2089 ἔχοντα
205 1999 343 2086 μεγέθη,
367 1995 408 2066 ὃν
431 1996 577 2085 ἀριθμὸς
600 1995 684 2086 πρὸς
700 1994 862 2086 ἀριθμόν,
885 1997 1078 2087 ἀσύμμετροί

63 2111 171 2190 ἐστιν,
204 2106 383 2172 ἐδείκνυτο.
430 2101 493 2172 ούκ
520 2102 585 2192 ἀρα
609 2102 824 2190 ἀναιρετικὸν
850 2109 912 2174 τού
934 2106 1079 2186 κανόνος

63 2215 195 2281 ἐκείνου
222 2212 283 2276 τοῦ
311 2210 484 2295 λέγοντος,
511 2207 579 2294 ότι,
609 2214 639 2278 εί
666 2238 687 2298 η
715 2209 902 2298 κατάφασίς
923 2239 1016 2292 τινος
1037 2217 1077 2302 τῇ
1098 2235 1132 2287 ιο

61 2317 169 2386 ἀλλον
191 2315 375 2401 καταφάσει
399 2316 525 2403 ἕπεται,
555 2313 596 2384 οὐ
624 2320 664 2406 τῇ
692 2321 755 2385 τοῦ
781 2315 973 2405 ἡγουμένου
996 2317 1077 2395 ἀπο-

62 2424 164 2511 φάσει
187 2424 299 2490 ἕπεται
322 2419 343 2509 ἡ
367 2425 429 2490 τοῦ
451 2422 632 2510 ἑπομένου,
660 2420 733 2491 ἀλλ’
759 2421 932 2492 ἀνάπαλιν.
977 2428 1076 2494 τοῦτο

62 2533 127 2616 γὰρ
156 2525 297 2615 ἀληθές,
331 2526 384 2615 ἐφ’
410 2519 459 2596 ὧν
488 2529 597 2616 μόνον
628 2544 666 2598 το
699 2528 992 2618 κατηγορούμενον
1023 2532 1078 2600 έπὶ

63 2637 166 2704 πλέον
189 2637 290 2721 ἐστίν,
314 2632 367 2722 ἐφ’
390 2626 440 2703 όν
463 2634 500 2704 δέ
524 2633 574 2703 ἐπ’
597 2643 670 2723 ίσης
694 2632 739 2716 ὡς
761 2635 815 2704 ἐπὶ
837 2634 960 2705 τούτου
982 2634 1077 2706 ἀδιοί-

62 2741 174 2829 φορόν
197 2744 299 2826 ἐστιν,
322 2738 368 2820 ὡς
391 2737 435 2808 ἀν
458 2742 558 2830 έθέλη
582 2768 632 2822 τις
654 2755 771 2812 ποιεῖν.
818 2744 930 2811 ίστέον
954 2745 1002 2829 δέ,
1026 2741 1077 2814 ὅτι
1096 2767 1132 2817 20

62 2851 168 2938 ἐντῷ
193 2845 272 2934 μετὰ
300 2850 400 2915 τοῦτο
425 2848 525 2928 δείξει
554 2849 610 2916 καὶ
637 2848 675 2917 τὸ
704 2847 803 2934 ἀλλο,
836 2846 917 2935 ὅπερ
949 2854 1077 2936 ἔφαμεν

63 2952 119 3021 διά
143 2957 204 3022 τοῦ
227 2952 292 3040 πρὸ
313 2950 419 3020 αὐτοῦ
439 2956 650 3040 δείκνυσθαι,
675 2953 737 3023 ούκ
756 2953 806 3023 ἐπ’
823 2954 969 3042 εὐθείας,
993 2955 1078 3026 ἀλλὰ

61 3062 101 3147 τῇ
126 3063 173 3139 είς
195 3059 366 3128 ἀδύνατον
389 3057 560 3146 ἀπαγωγῇ.
606 3058 761 3148 ἔστιγὰρ
784 3075 855 3143 τοϊς
876 3065 1078 3150 γεωμέτραις

63 3165 213 3253 σύνηθες
234 3164 373 3234 κάκεῖνα
397 3165 570 3234 δεικνύναι
593 3171 633 3256 τῇ
655 3166 793 3256 τοιαύτη
818 3172 925 3250 δείξει.

130 3275 181 3339 57.
213 3270 285 3339 “On
312 3272 374 3359 μὲν
402 3264 466 3339 ούν
495 3273 557 3340 ούκ
580 3276 617 3340 αί
637 3274 786 3360 γραμμαί
810 3276 911 3361 μόναι
934 3278 999 3345 είσὶ
1022 3304 1076 3366 με·
1095 3296 1129 3348 25

61 3379 163 3463 γε’θη,
196 3375 280 3445 ἀλλὰ
309 3379 364 3444 καὶ
391 3405 431 3447 τα
465 3380 603 3447 ἐπίπεδα
635 3379 690 3447 καί
718 3377 758 3447 τά
789 3382 923 3467 στερεά,
955 3384 1077 3465 πάντες

61 3516 150 3523 μ..-
195 3514 276 3522 ..-

134 3582 176 3629 54.
197 3575 243 3629 V‘.
304 3579 347 3628 ὁὸ.
366 3573 420 3642 Fq.
480 3579 522 3630 56.
542 3575 588 3629 Pb
608 3570 732 3645 (σχόλιον
751 3574 789 3643 b).
849 3581 892 3630 67.
911 3574 1076 3648 V⁸qr(P').

60 3693 275 3704 ...--.---

135 3757 177 3875 {³⁰¹
198 3749 272 3824 ἐστι’]
292 3753 319 3818 b,
339 3749 413 3807 εἶναι
432 3753 462 3806 F.
524 3758 565 3807 14.
585 3749 655 3825 ἀρα]
675 3754 702 3822 b,
722 3750 779 3809 ἔστι
799 3751 831 3808 δέ
850 3751 882 3809 F.
945 3757 989 3808 2⁶.
1009 3742 1083 3830 αύν]

61 3840 116 3879 om.
163 3842 184 3877 r.

110 3920 259 3974 πιιιιοιι,
277 3922 326 3964 ιοα
340 3923 482 3977 nosternon
496 3925 588 3980 uenae.
610 3927 642 3972 v.
899 3919 942 3969 Ὦ
1190 3900 1203 4001 ’ἀ
