2414 4236
279 442 436 494 SOHOLIA
454 444 493 494 IN
510 443 785 495 ELEMENTORUM
802 443 941 494 LIBRUM
954 444 976 496 Ι.
1065 440 1136 528 179Ι

471 638 526 703 Ad
548 661 652 723 prop.
674 636 773 703 XXX.

184 763 259 829 109.
295 768 432 829 Εἴωθεν
460 757 478 828 ὁ
506 761 693 846 γεωμέτρης
720 763 756 826 έν
785 774 854 841 τοῖς
881 764 949 829 τῶν
982 762 1127 847 σχέσεων

113 865 228 951 λόγοις
255 864 430 933 δεικνύναι
457 866 519 953 τήν
546 865 729 951 ταυτότητα
754 866 939 952 διήκουσαν
964 869 1000 934 έν
1023 867 1126 934 ἅπασι

112 984 184 1050 τοῖς
200 969 284 1059 πρὸς
301 969 339 1038 τό
358 969 441 1039 αὐτὸ
460 971 527 1057 τήν
541 968 647 1057 αὐτήν
671 977 784 1059 ἔχουσι
803 974 930 1058 σχέσιν·
954 972 1042 1040 οὕτω
1062 972 1125 1058 γὰρ

111 1078 167 1144 καὶ
200 1079 237 1145 έν
268 1090 339 1155 τοῖς
371 1075 556 1163 ἀξιώμασιν
586 1082 698 1163 ἔλεγεν
725 1080 765 1145 τὰ
793 1081 838 1168 τῷ
867 1075 956 1168 αὐτῷ
986 1087 1041 1145 ἴσα
1068 1080 1125 1146 καὶ
1162 1106 1179 1154 5

111 1181 270 1269 ἀλλήλοις
293 1183 385 1250 ἐστὶν
408 1191 475 1266 ἴσα,
493 1183 549 1249 καὶ
568 1183 605 1249 ἐν
623 1196 693 1261 τοῖς
711 1183 785 1268 ἑξῆς
804 1186 884 1268 έρεῐ·
910 1187 950 1251 τὰ
970 1189 1015 1274 τῷ
1035 1184 1124 1276 αὐτῷ

111 1287 210 1376 ὅμοια
233 1289 290 1357 καὶ
313 1287 469 1375 ἀλλήλοις
489 1286 588 1375 ὅμοιά
608 1290 710 1373 ἐστιν,
733 1289 789 1355 καὶ
808 1292 844 1356 οί
859 1293 905 1380 τῷ
925 1286 1015 1380 αὐτῷ
1035 1290 1124 1382 λόγῳ

111 1398 147 1462 οἱ
169 1394 265 1464 αὐτοὶ
289 1397 344 1462 καὶ
368 1392 526 1480 ἀλλήλοις
545 1395 631 1461 εἰσὶν
651 1399 686 1460 ολ
702 1392 806 1463 αὐτοί.
839 1394 922 1463 κατὰ
941 1394 1002 1464 τὸν
1021 1393 1125 1465 αὐτὸν

109 1500 321 1588 τρόπονίιαλ
348 1500 386 1568 τὸ
415 1500 447 1567 λ’
477 1498 694 1568 ἀποδείκνυσι
727 1501 903 1588 θεώρημα,
937 1500 988 1568 ὅτι
1020 1506 1058 1570 αλ
1084 1509 1124 1592 τῇ

112 1605 196 1694 αὐτῇ
217 1603 333 1697 εὐθείᾳ
348 1605 556 1692 παράλληλοι
574 1608 630 1673 καὶ
649 1605 807 1692 ἀλλήλαις
826 1608 889 1674 εἰσὶ
908 1607 1124 1695 παράλληλοι.
1145 1635 1180 1683 10

112 1713 300 1799 συμβέβηκε
322 1712 359 1781 δέ
379 1710 441 1781 οὐκ
460 1714 513 1781 έιιί
532 1717 649 1780 πασῶν
667 1724 734 1781 τῶν
754 1716 900 1801 σχέσεων
918 1712 1005 1782 εἶναι
1024 1720 1124 1783 τοῦτο

110 1816 249 1905 ἀληθές·
279 1816 319 1886 οὐ
342 1821 406 1903 γὰρ
429 1817 469 1885 τὰ
493 1822 554 1885 τοῦ
578 1816 683 1886 αὐτοῦ
709 1821 866 1886 διπλάσια
888 1819 945 1885 καὶ
969 1816 1125 1906 ἀλλήλων

111 1924 271 1992 διπλάσιά
286 1926 388 2009 ἐστιν,
406 1921 486 1991 οὐδὲ
500 1922 540 1991 τὰ
554 1928 615 1991 τοῦ
625 1914 735 1992 ἀὐτοῦ
749 1922 885 2011 ήμιόλια
898 1926 953 1993 καὶ
968 1923 1124 2014 ἀλλήλων

57 2031 92 2061 “
113 2031 203 2098 ἐστὶν
225 2028 376 2117 ἡμιόλια·
414 2027 487 2096 ἀλλ’
509 2036 616 2098 ἔοικεν
641 2028 690 2097 ἐπ’
717 2033 856 2110 ἐκείνοις
879 2031 986 2119 μόνον
1009 2034 1124 2121 χώραν

112 2141 211 2222 ἔχειν,
229 2133 292 2203 ὅσα
311 2133 569 2224 ἆντισνρέφουσι
589 2135 805 2221 συνωνύμως,
825 2137 878 2203 ἐπὶ
892 2147 949 2223 τής
965 2138 1123 2227 ἰσότητος,
1144 2162 1176 2211 15

110 2244 163 2310 έιιὶ
187 2245 246 2328 τῆς
268 2239 473 2329 ὁμοιότητος,
496 2243 549 2309 §uz
572 2246 630 2327 τῆς
653 2243 863 2326 ταυτότητος,
886 2242 939 2309 έτιλ
961 2248 1019 2328 τῆς
1041 2270 1122 2330 τιαρ-

110 2348 257 2435 αλλήλου
279 2350 418 2427 θέσεως·
455 2345 475 2434 ή
500 2346 564 2434 γὰρ
592 2348 804 2434 παράλληλος
829 2347 1030 2436 παραλλήλῳ
1055 2352 1123 2418 ἐστὶ

109 2456 331 2545 παράλληλος,
355 2452 400 2534 ὡς
422 2458 460 2523 τὸ
485 2463 561 2522 ἴσον
586 2462 646 2543 ἴσῳ
666 2454 756 2520 ἐστὶν
776 2461 853 2519 ἴσον
870 2453 927 2519 καὶ
945 2456 982 2522 τὸ
1004 2452 1124 2540 ὅμοιον

109 2560 214 2653 ὁμοίῳ
253 2559 381 2647 ὅμοιον.
435 2561 491 2627 καὶ
528 2559 591 2645 γάρ
630 2563 721 2626 ἐστιν
755 2557 911 2646 ὁμοιότης
943 2562 1069 2641 θέσεως
1101 2561 1122 2648 ή

108 2667 377 2756 παραλληλότης,
401 2671 432 2733 εἰ
454 2663 600 2733 δυνατὸν
625 2671 739 2733 εἰπεῖν.
785 2668 871 2752 λέγει
895 2660 959 2736 οὖν
983 2670 1038 2736 καὶ
1059 2672 1122 2737 όεί-
1141 2690 1175 2740 20

107 2795 230 2844 κνυσιν
250 2776 287 2841 έν
303 2773 410 2865 τούτῳ
427 2777 472 2863 τῷ
492 2772 697 2859 θεωρήματι,
718 2770 768 2841 ὅτι
787 2776 825 2839 αλ
841 2777 880 2861 τῇ
900 2772 983 2862 αὐτή
1003 2775 1121 2867 εὐθείᾳ

106 2880 316 2969 παράλληλοι
338 2879 471 2958 πάντως
491 2877 596 2957 οὕτως
615 2884 761 2965 ἔχουσιν,
786 2880 942 2961 ὥστεκαὶ
962 2881 1121 2968 ἀλλήλαις

180 3065 239 3114 103.
259 3059 300 3113 V⁸
314 3055 423 3127 (P2fq)
483 3051 535 3110 οὐκ
554 3057 602 3111 lin
618 3064 700 3110 11—
715 3055 825 3117 θεσεως
843 3056 891 3109 lin.
908 3062 941 3110 1⁷
955 3057 1018 3111 hab.
1035 3059 1120 3113 etiam

105 3129 435 3207 PBVatOEeras.?);s
439 3125 559 3189 έςτόλ
579 3127 643 3183 vat.

177 3296 203 3345 4.
224 3286 331 3376 έήουσι]
351 3304 496 3343 ιοοοτε.
516 3307 553 3341 m.
573 3302 626 3342 rec.
646 3287 679 3340 V.
753 3293 778 3340 7.
798 3282 883 3358 λόγῳ]
903 3283 981 3355 λόγοι
1000 3287 1032 3340 V
1095 3295 1119 3342 9.

105 3359 155 3415 καὶ
172 3358 240 3415 τὸλ
273 3353 476 3430 ἀποδείκνυσι]
499 3359 544 3413 bis
563 3359 613 3426 Vq
637 3360 713 3427 (post
731 3353 917 3411 αποδείκνυσι
940 3357 1032 3426 priore
1056 3359 1120 3412 loco

104 3431 135 3486 in
153 3431 179 3485 V
198 3429 304 3500 legitur
322 3431 454 3499 κείμενον
473 3429 543 3483 illud
563 3430 619 3498 lp.
636 3435 678 3494 72,
699 3430 791 3483 Vnot.
812 3429 893 3496 crit).
969 3434 1011 3482 11.
1032 3425 1118 3501 εἶναι]

106 3518 161 3559 om.
181 3502 302 3556 Pssvat.
390 3506 431 3558 13
455 3498 588 3586 διήλόοιό
608 3496 736 3554 έστιν-
757 3506 798 3553 14.
819 3494 894 3552 έστλν
896 3495 1038 3588 ἡμιόλια]
1064 3518 1118 3555 om.

103 3571 226 3628 PBVat.
287 3578 330 3627 14.
350 3566 500 3659 μόνονέτί
513 3568 765 3625 έκείνωνΡΒἾελ.
826 3575 867 3624 15.
886 3565 1120 3654 ἀναστρέφουσιν

104 3643 228 3699 Pssvat.
285 3641 417 3710 συνωνύμ
400 3639 505 3731 μως]
488 3663 524 3705 ως
542 3641 660 3698 PBVat
722 3647 763 3695 16
783 3661 832 3709 της
845 3660 1062 3729 ταυτοτητος
1078 3650 1120 3697 17.

102 3713 230 3784 θέσεως]
255 3734 311 3768 των
333 3717 517 3782 παραλλήλων
537 3711 656 3767 PBVat
748 3717 828 3766 20.ae
832 3711 857 3783 λ]
883 3709 993 3781 &vet
1011 3714 1071 3768 cod.
1092 3714 1121 3767 M

102 3785 181 3858 apud
199 3783 332 3842 proelum
351 3801 379 3853 p
399 3790 459 3853 373,
478 3791 520 3840 33.

917 3875 974 3934 4⁸2*
