2414 4236
140 485 207 553 ³16
299 486 457 541 scnom
472 486 513 541 οι
530 484 806 542 mmm
820 466 1008 543 οωιιωιτ.

139 625 331 715 ἡγούμενον
353 650 438 716 προς
459 623 669 715 ἡγούμενον,
696 627 736 696 έν
758 622 797 696 δέ
816 636 860 716 τῇ
881 625 1044 695 συνθέσει
1062 624 1155 695 ἐστὶν

139 731 331 822 ἡγούμενον
354 729 423 820 ἅμα
444 732 502 801 παλ
524 732 690 821 ἑπόμενον
706 732 792 821 πρὸς
808 730 988 821 ἐπέμενον·
1009 756 1052 801 τα
1067 728 1155 801 αὐτὰ

141 839 178 908 δὲ
200 842 305 908 ταῦτα
326 838 384 908 καί
406 840 444 908 έν
465 850 536 921 τοῖς
557 847 689 921 λοιπολς
706 837 786 909 ἐνσέ
802 838 983 927 μεγέθεσιν
999 840 1156 924 γίνονται

139 948 185 1036 τῷ
216 970 252 1014 τε
278 950 342 1014 ΓΔ
372 946 429 1015 ταί
459 948 506 1038 τῷ
533 951 614 1013 ΔΖ·
653 948 759 1015 ταῦτα
790 944 898 1026 οὕτως
928 940 1041 1033 εὗραν
1072 962 1157 1031 συμ·

104 1057 317 1138 ςπίπτονια,
349 1048 395 1132 ὥς
421 1059 565 1141 εἴρηται,
595 1054 643 1145 τῷ
668 1050 776 1144 λόγῳ,
806 1046 848 1122 ὃν
874 1050 1031 1139 ὀνομάζει
1053 1046 1156 1130 οὗτος

140 1163 341 1245 συγκείμενα
362 1160 506 1247 μεγέθη,
533 1163 752 1247 συμπεραίνει
772 1160 815 1227 τὰ
838 1155 979 1240 ἐναλλὰξ
1006 1153 1052 1237 ὥς
1073 1174 1155 1244 συγ·

139 1270 275 1351 κείμενα
296 1270 358 1333 καί
376 1283 475 1353 φησι·
511 1269 711 1353 συγκείμενα
736 1260 805 1349 ἄρα
831 1266 958 1352 μεγέθη
981 1259 1154 1349 ἀνάλογόν

140 1371 240 1439 ἐστιν.
297 1368 368 1440 εἶτα
399 1370 529 1460 προιοέν
555 1388 675 1459 φησιν·
715 1371 853 1460 ἐδείχθη
880 1368 920 1439 δέ
948 1366 993 1453 ὥς
1019 1366 1058 1439 τὸ
1085 1375 1154 1438 BA

139 1475 224 1561 πρὸς
245 1475 283 1546 τὸ
305 1484 389 1565 ΑΕ,
421 1474 529 1557 οὕτως
554 1475 593 1547 τὸ
616 1481 688 1545 ΔΓ
710 1478 795 1565 πρὸς
820 1473 858 1547 τὸ
881 1480 956 1545 ΓΖ·
989 1478 1092 1558 ἐθειξε
1114 1472 1155 1545 ἐέ

88 1611 122 1663 10
139 1581 239 1651 τοῦτό
266 1607 333 1651 που
365 1585 403 1653 έν
433 1587 474 1673 τῇ
506 1580 593 1673 ἀρχῇ
619 1580 753 1664 πάντως
778 1584 838 1671 τῆς
864 1578 1066 1665 ἀποδείξεως
1092 1584 1155 1651 τοῦ

140 1688 307 1777 παρόντος
325 1688 378 1758 ιθ’
395 1688 623 1779 θεωρήματος,
646 1694 733 1759 ἐνθα
750 1693 869 1777 φησίν·
892 1688 962 1757 ἐπεὶ
980 1686 1046 1775 γάρ
1063 1690 1156 1759 ἐστιν

141 1790 188 1872 ὥς
205 1790 287 1863 ὅλον
304 1794 343 1863 τὸ
357 1802 424 1864 AB
446 1796 530 1884 πρὸς
546 1792 630 1866 ὅλον
646 1800 772 1882 τοΓΔ,
794 1792 902 1875 οὕτως
922 1792 961 1864 τὸ
979 1800 1052 1863 ΑΕ
1070 1818 1157 1883 προς

140 1902 178 1967 τὸ
202 1905 279 1986 ΓΖ,
306 1900 362 1968 καὶ
385 1898 526 1983 ἐναλλὰξ
547 1897 593 1983 ὥς
613 1926 654 1970 το
675 1907 744 1971 BA
769 1898 854 1990 πρὸς
875 1903 913 1970 τὸ
937 1906 1019 1987 ΑΕ,
1047 1897 1157 1981 οὕτως

140 2030 178 2073 το
194 2011 266 2073 ΔΓ
278 2031 362 2095 προς
379 2031 417 2074 το
432 2012 503 2076 ΓΖ.
536 2012 596 2075 καί
610 2025 729 2094 φησιν·
753 2011 822 2076 ἔστι
841 2024 896 2075 σοι
913 2010 1025 2092 τοῦτο,
1048 2002 1068 2075 ὃ
1087 2010 1155 2075 νῦν

89 2140 120 2189 1⁶
141 2107 248 2197 εἶπον,
271 2108 517 2202 ἀναστρέψαντι
539 2112 616 2181 ἀντὶ
637 2117 699 2181 τοῦ
718 2116 774 2181 διὰ
794 2112 979 2199 τοῦλόγου
995 2116 1055 2200 τῆς
1073 2112 1156 2182 ἄνα-

140 2222 298 2307 στροφῆς.
333 2219 422 2306 λέγει
444 2222 509 2305 γὰρ
537 2221 574 2288 ἐν
597 2232 668 2301 τοῖς
691 2217 797 2307 ὅροις·
830 2217 1027 2307 ἆναστροφη
1050 2219 1156 2306 λόγου

141 2324 210 2392 ἐστὶ
228 2327 329 2411 λῆψις
346 2329 407 2395 τοῦ
425 2323 616 2413 ἡγουμένου
634 2329 718 2412 πρὸς
735 2329 798 2412 τὴν
816 2323 998 2414 ὑπεροχήν,
1016 2318 1039 2413 ᾗ
1055 2325 1155 2414 ὑπερ-

141 2431 207 2516 έχει
238 2433 276 2499 τὸ
305 2429 497 2519 ἡγούμενον
528 2435 590 2501 τοῦ
618 2432 792 2518 έπομένου.
837 2433 994 2517 ἔστιγὰρ
1022 2431 1078 2499 καὶ
1103 2434 1119 2500 έ
1140 2474 1155 2486 -

139 2541 251 2604 ταῦθα
270 2563 307 2606 το
324 2544 390 2606 ΒΑ
407 2535 609 2625 ἡγούμενον,
634 2535 652 2606 ὃ
676 2536 905 2623 λαμβάνοντες
922 2534 1054 2625 ὁρῶμεν
1071 2541 1156 2624 πρὸς

87 2670 122 2719 20
140 2646 178 2711 τὸ
209 2650 290 2728 ΑΕ,
323 2643 404 2728 ὅπερ
437 2643 527 2710 ἐστὶν
558 2641 706 2729 ὑπεροχὴ
739 2639 1029 2730 ὁμολογούμενον,
1063 2646 1099 2711 ἐν
1132 2635 1155 2732 ᾖ

140 2749 291 2835 υπερέχει
324 2745 406 2816 αὐτὸ
438 2748 477 2814 τὸ
504 2745 695 2834 ἡγούμενον
722 2750 760 2815 τὸ
789 2756 856 2816 ΒΑ
887 2752 948 2816 τοῦ
976 2749 1154 2835 ἑπομένου,

141 2855 291 2922 τουτέστι
318 2856 380 2922 τοῦ
403 2859 475 2922 ΕΒ.
524 2856 629 2919 ταῦτα
661 2850 768 2932 οὕτως
799 2850 910 2942 εὑρών
940 2853 996 2920 καὶ
1024 2855 1155 2922 ἐκτῶν

141 2961 369 3048 συγκειμένων
392 2963 439 3039 είς
461 2956 682 3044 ἀναστροφὴν
700 2955 893 3045 αὐτομάτως
911 2962 1081 3047 ἐμπίπτων
1097 2985 1155 3028 πο-

140 3072 262 3151 ρίζεται
284 3069 321 3133 τὸ
347 3065 554 3151 ἐπαγόμενον
577 3071 637 3132 καί
656 3083 775 3151 φησιν·
798 3066 833 3132 ἐκ
857 3069 899 3153 δὴ
922 3066 1061 3150 τ[ούτου
1075 3072 1156 3153 φ]α-

87 3198 121 3247 νε
141 3174 257 3258 νερόν,
288 3169 355 3256 ὅτι,
382 3172 442 3239 ἐὰν
466 3175 665 3256 συγκείμενα
688 3171 814 3257 μεγέθη
838 3168 1009 3256 εἰνοὶλογον
1032 3164 1070 3259 ᾖ,
1097 3173 1154 3240 καὶ

140 3277 387 3366 ἀναστρέψαντι
405 3273 577 3362 ἀνάλογον
600 3280 701 3344 ἔσται.
747 3274 817 3344 εἶτα
840 3277 967 3363 ἐπάγει·
994 3279 1154 3364 γεγόνασι

142 3385 180 3453 δὲ
204 3388 239 3452 ol
259 3383 355 3469 λόγοι
377 3382 432 3450 καὶ
456 3382 509 3450 ἐπὶ
531 3384 599 3449 τῶν
624 3381 732 3462 ίσοὶκις
748 3388 1007 3452 πολλαπλασίων
1025 3384 1081 3451 καὶ
1101 3385 1154 3453 ἐπὶ

140 3501 208 3558 τῶν
232 3487 432 3576 ἀναλογιῶν.
473 3492 562 3567 τίνες
584 3487 694 3576 λόγοις
727 3485 803 3574 οὐχὶ
825 3492 887 3556 τοῦ
910 3488 1074 3575 σύνεγγυς
1096 3515 1154 3559 πο-

141 3603 299 3682 ρίσματος
308 3598 450 3681 πάντως,
464 3592 536 3664 ἄλλ’
550 3597 586 3662 οί
592 3597 654 3663 τοῦ
662 3593 881 3681 θεωρήματος
890 3596 1019 3683 δηλαδὴ
1031 3596 1155 3665 τούτου

211 3833 253 3881 10.
273 3823 398 3895 πάντως]
418 3842 502 3896 supra
519 3840 572 3879 ner.
591 3839 628 3878 m.
648 3828 662 3877 1
681 3826 703 3879 t.
