2414 4236
112 494 115 499 .
199 454 355 511 scnom
373 458 412 508 IN
429 455 705 508 ELEMENTORUM
722 457 861 508 LIBRUM
873 457 921 511 IV.
994 453 1060 517 273

43 603 209 682 πλασίων,
233 594 279 678 ὥς
301 595 418 664 πολλοὶ
442 600 648 683 νομίζουσιν,
671 592 757 663 ἀλλὰ
776 600 896 682 μείζων
914 606 974 684 τῆς
993 623 1060 681 τρι-

43 698 245 787 πλασίονος,
277 700 436 781 ὡσαύτως
464 701 502 770 δὲ
530 698 575 780 ὡς
603 699 684 769 ούδέ
711 698 730 770 ὁ
752 699 875 782 κύκλος
900 706 962 770 τοῦ
985 704 1060 790 περὶ

45 808 154 881 αὐτόν
172 808 466 896 περιγραφομένου
483 806 651 893 τριγώνου
664 812 739 893 τρία
759 807 905 894 τέταρτα.
933 805 1062 894 εὕρημα

47 917 88 986 δέ
110 919 211 984 τοῦτο
234 914 272 982 τὸ
294 918 428 1000 βιβλίον
450 917 518 981 τῶν
542 918 802 1000 Πυθαγορείων.

117 1026 148 1091 3.
185 1019 324 1107 Ἰστέον,
361 1018 412 1088 ότι
444 1018 483 1088 τὸ
514 1019 673 1105 τέταρτον
703 1024 838 1106 βιβλίον
871 1017 953 1089 ὅλον
984 1044 1062 1108 προ·
1099 1042 1119 1091 5

47 1127 256 1216 βληματικόν
279 1129 377 1196 ἐστιν.

119 1238 150 1303 4.
187 1232 243 1302 Ἐν
271 1243 317 1325 τῷ
345 1238 445 1324 τρίτῳ
473 1236 593 1322 βιβλίῳ
618 1229 788 1318 διαλαβὼν
812 1229 830 1301 ὁ
854 1231 1066 1320 στοιχειωτὴς

47 1341 127 1427 περὶ
164 1344 232 1409 τῶν
269 1341 306 1408 ἐν
342 1339 479 1418 κύκλοις
509 1333 530 1424 ἢ
562 1338 637 1423 περὶ
668 1336 811 1418 κύκλους
841 1340 1066 1426 γραφομένων

51 1444 211 1532 εὐθειῶν,
233 1452 337 1514 τίνων
360 1447 446 1514 είσίν
465 1442 718 1513 άποτελεστικαί
731 1469 767 1512 τε
785 1445 840 1512 καὶ
859 1443 1066 1532 άτιοδοτικαί,

52 1555 92 1622 ἐν
113 1561 160 1644 τῷ
184 1550 326 1636 παρόντι
350 1554 500 1640 στοιχείῳ
525 1547 558 1617 δ’
578 1547 652 1617 ὄντι
674 1548 749 1634 περὶ
768 1549 946 1638 σχημάτων
965 1544 1067 1632 αὖθις
1087 1569 1120 1619 10

51 1660 123 1727 τῶν
137 1657 400 1744 ἐγγραφομένων
417 1652 439 1743 ἢ
454 1657 755 1742 περιγραφομένων
769 1655 905 1739 κύκλοις
917 1658 973 1726 καί
988 1655 1068 1725 άνά·

51 1770 157 1832 ’παλιν
176 1761 329 1831 διδάσκει
352 1760 417 1830 άπὸ
441 1772 510 1831 τῶν
528 1760 751 1849 ἀτελεστέρων
768 1768 963 1850 προβαίνων
982 1765 1068 1850 ἑξῆς·

53 1873 125 1939 πᾶν
155 1866 220 1954 γὰρ
253 1872 363 1955 σχῆμα
389 1868 423 1948 ἐξ
452 1865 607 1936 εὐθειῶν.
651 1864 691 1934 τά
721 1867 784 1936 ὅλα
807 1868 845 1938 δὲ
867 1870 1069 1959 θεωρήματα

54 1985 118 2045 τοῦ
140 1976 363 2060 προκειμένου
385 1964 573 2059 βιβλίουῖζ
596 1971 679 2043 ὄντα
702 1972 952 2063 Πυθαγορείων
974 1974 1071 2065 εὖρό-

57 2106 152 2168 ματα.
189 2080 320 2162 ἐξέδοτο
344 2077 382 2146 δὲ
404 2088 508 2146 ταῦτα
532 2074 577 2159 ὥς
599 2079 655 2146 καὶ
678 2076 740 2165 τὴν
764 2077 848 2167 ὅλην
865 2088 1070 2170 γεωμετρίαν
1092 2100 1124 2151 15

58 2186 169 2277 χρόνῳ
192 2197 443 2272 παραρρυείσαν
467 2181 485 2252 ὅ
509 2185 619 2270 Θέων,
646 2184 731 2253 ὅθεν
754 2186 809 2253 καὶ
832 2188 995 2274 γράφεται
1019 2186 1068 2259 ἐπ’

59 2294 172 2360 ἐνίων·
210 2289 385 2360 εύκλείδου
413 2310 513 2378 στοιχ.
537 2290 572 2357 α’
601 2286 680 2378 ἢβ’
710 2291 791 2378 φέρε
818 2295 924 2371 εἰπεῖν
952 2293 988 2361 ἐκ
1015 2303 1074 2380 τῆς

60 2399 193 2477 Θέωνος
220 2395 392 2475 ἐκδόσεως.
442 2395 523 2464 ἑπτὰ
553 2397 593 2464 δέ
619 2400 705 2465 εἰσιν
736 2397 771 2464 οί
801 2393 874 2465 ὅλοι
906 2394 981 2482 ὅροι
1012 2402 1074 2466 τοῦ

60 2502 283 2589 προκειμένου
297 2506 443 2588 βιβλίου,
467 2506 503 2570 οἱ
519 2501 580 2587 μὲν
599 2505 662 2571 δύο
682 2505 717 2570 οί
733 2506 870 2591 πρῶτοι,
892 2507 928 2571 τί
948 2504 1016 2571 ἐστι
1035 2503 1072 2572 τὸ

62 2614 172 2697 σχῆμα
199 2610 237 2677 ἐν
266 2607 407 2696 σχήματι
435 2604 679 2695 εὐθύγραμμον
703 2605 932 2701 εὐθυγράμμῳ
956 2608 1075 2697 ἐγγρά-
1092 2628 1128 2678 κο

61 2723 190 2803 φεσθαι
208 2710 229 2800 ἢ
248 2713 529 2801 περιγράφεσθαι,
553 2713 743 2801 διεξιόντες,
767 2718 802 2783 οἱ
819 2712 850 2784 δ’
867 2718 984 2804 ἐφεξῆς
1004 2715 1076 2800 δύο,

63 2827 98 2888 τί
131 2823 169 2887 τὸ
206 2816 449 2906 εὐθύγραμμον
482 2819 713 2907 ἐγγράφεσθαι
749 2816 771 2907 ἢ
807 2822 1077 2910 περιγράφεσθαι

65 2926 192 3015 κύκλῳ,
220 2927 255 2992 οί
275 2924 312 2993 δὲ
335 2923 415 3009 μετὰ
439 2923 580 3005 τούτους
607 2925 686 3011 δύο,
714 2932 750 2994 τί
768 2925 807 2995 τὸ
829 2925 955 2995 κύκλον
978 2926 1078 2996 εὐθν-

63 3029 205 3119 γράμμῳ
228 3029 456 3118 ἐγγράφεσθαι
480 3027 501 3116 ἢ
526 3033 809 3119 περιγράφεσθαι,
839 3029 857 3101 ὁ
882 3028 913 3101 δ’
935 3034 1079 3121 ἕβδομος

62 3138 118 3205 καὶ
150 3145 353 3221 τελευταῖος,
384 3142 419 3203 τί
443 3135 480 3203 τὸ
510 3134 648 3205 εὐθεῖαν
680 3138 924 3224 ἐναρμόζεσθαι
955 3139 1078 3231 κύκλῳ.
1096 3161 1132 3212 25

136 3410 161 3459 θ.
180 3399 254 3472 Vbq.
327 3408 355 3487 4:
372 3421 425 3472 vp.

65 3557 281 3567 ——.——-

140 3656 162 3704 1.
183 3650 215 3721 τῇ
230 3651 404 3718 τριπλασίονι
418 3649 450 3705 V.
507 3656 532 3707 4.
553 3648 598 3724 δέ]
618 3647 654 3720 δή
670 3649 704 3706 V.
759 3656 785 3707 ό.
803 3646 881 3724 ὅλον]
902 3669 956 3708 om.
972 3669 998 3721 q.
1054 3658 1080 3707 8.

64 3719 136 3791 τῶν]
155 3717 206 3775 τόν
220 3739 245 3775 v.
330 3727 370 3776 12.
390 3719 559 3790 τελεστέρων
577 3740 604 3793 p.
689 3726 729 3778 18.
750 3720 804 3777 τίσι
822 3741 850 3794 p.
936 3729 978 3778 21.
999 3721 1032 3778 δέ
1052 3741 1081 3793 p.

102 3797 145 3846 23.
166 3788 210 3863 οί]
230 3787 248 3860 ἡ
267 3809 293 3846 v.
366 3798 408 3847 25.
429 3788 645 3862 ἐφαρμόζεσθαι
662 3810 711 3863 qv.

118 3888 267 3937 menan,
281 3890 330 3934 ιτα.
344 3891 449 3945 marg
463 3895 487 3935 ιι
503 3894 596 3947 mongo.
617 3895 649 3938 v.
899 3890 940 3943 xis
