2414 4236
201 476 358 528 scnom
376 477 415 527 ιν
432 474 707 527 ειειιεανοτιοιι
724 474 864 527 mmmm
877 476 924 528 ιι
1005 471 1069 538 337

55 618 213 704 πέμπτων
229 612 269 683 ὀν
284 620 320 702 ῐή
333 615 501 702 πέμπτων,
514 615 552 684 τὸ
567 615 605 683 δὲ
619 616 733 703 ἕτερον
745 621 778 687 a}
791 609 834 684 ὀν
847 615 1004 702 πέμπτων
1015 602 1070 701 λ-β,

55 720 77 811 ἡ
112 721 149 790 δὲ
180 721 323 801 κάθετος
349 713 386 807 ιβ
417 723 574 809 πέμπτων
607 713 693 790 ούσα
719 724 777 806 τίδ,
809 721 865 788 καὶ
897 722 1071 808 γενήσεται

56 827 158 897 πάλιν
185 827 268 896 κατὰ
296 827 333 895 τὸ
362 826 519 915 πόρισμα.
564 825 723 907 ὡσαύτως
751 825 789 894 δέ
817 830 888 913 καί,
917 825 978 894 ἐὰν
1004 852 1070 913 τρι·

55 935 368 1021 πλασιασθήσονται
397 937 436 1001 αί
462 934 602 1022 πλευραὶ
628 937 689 1002 τοῦ
712 931 869 1002 τοιούτου
891 931 1070 1019 τριγώνου,

56 1040 397 1127 τριπλασιασθήσεται
420 1041 476 1107 καὶ
498 1037 539 1109 τά
557 1039 708 1126 τμήματα
725 1040 781 1107 καὶ
800 1036 821 1126 ἡ
839 1038 993 1123 κάθετος,
1015 1040 1069 1108 καὶ
1107 1067 1124 1117 5
1155 1112 1160 1122 ,

57 1147 117 1216 ἐὰν
131 1146 542 1235 τετραπλασιασθήσονται
552 1149 590 1213 αί
600 1151 751 1232 πλευραί,
765 1146 1070 1234 τετραπλασιασθή·

58 1274 176 1323 σονται
190 1254 246 1320 καὶ
260 1252 301 1320 τά
315 1253 467 1339 τμήματα
480 1253 535 1320 καὶ
549 1249 570 1338 ἡ
583 1250 736 1338 κάθετος,
749 1251 805 1318 καὶ
819 1252 1071 1340 φυλαχθήσεται

58 1357 77 1429 ὁ
97 1359 198 1438 αύτός
215 1357 315 1444 λόγος
333 1359 389 1426 καὶ
404 1360 521 1445 ἐφεξῆς
534 1356 703 1437 ὡσαύτως.
735 1354 893 1437 ὡσαύτως
907 1358 945 1426 δέ
958 1360 1014 1427 καὶ
1028 1355 1071 1428 άν

57 1462 417 1534 ὑποδιπλασιασθώσιν
432 1460 453 1551 ἢ
467 1462 845 1550 ὑποτριπλασιασθώσιν
860 1460 880 1550 ἢ
895 1462 1070 1551 ὑποτετρα-

58 1575 315 1640 πλασιασθώσιν
334 1574 372 1638 αἱ
387 1572 528 1658 πλευραὶ
545 1575 607 1639 τοῦ
626 1571 791 1658 ῥηθέντος
807 1571 986 1658 τριγώνου,
1006 1576 1072 1659 τρί-
1092 1597 1125 1647 ιο

57 1703 151 1764 γωνα
159 1678 261 1745 πάλιν
276 1674 536 1746 άποτελέσουσιν
547 1675 754 1764 ὀρθογώνια,
769 1671 844 1746 οἷον
854 1675 899 1756 ὡς
908 1678 961 1747 ἐπὶ
970 1702 1071 1766 παρα·

58 1789 244 1871 δείγματος,
259 1782 319 1851 ἐάν
330 1783 498 1870 τριγώνου
508 1787 643 1869 ἔχοντος
651 1781 714 1869 τήν
723 1782 785 1869 μέν
794 1789 874 1870 μίαν
883 1783 1033 1871 πλευράν
1042 1789 1072 1870 γ,

58 1887 120 1976 τήν
136 1888 173 1957 δὲ
187 1889 304 1976 ἑτέραν
320 1881 343 1956 δ
358 1889 410 1956 καί
429 1887 491 1976 τήν
507 1885 780 1957 ὑποτείνουσανὲ
794 1886 1025 1977 ἡμισενθώσιν
1036 1892 1074 1957 αί

58 2001 210 2082 πλευραί,
230 2000 363 2064 ἔσονται
381 1994 483 2062 πάλιν
499 1993 714 2080 ὀρθογώνιον
733 1999 899 2081 τρίγωνον
918 2000 996 2084 ἔχον
1009 1994 1071 2083 τήν

60 2100 122 2186 μέν
150 2105 231 2186 μίαν
253 2105 322 2168 τών
343 2102 418 2188 περὶ
445 2099 508 2187 τήν
537 2097 647 2187 ὀρθὴν
673 2105 802 2187 γωνίαν
825 2113 847 2167 ᾶ
870 2101 916 2185 λ’,
943 2101 1006 2188 τήν
1034 2101 1072 2170 δὲ
1092 2125 1126 2175 ιε

60 2204 183 2291 λοιπήν
210 2211 231 2291 β
258 2206 314 2273 καὶ
336 2205 398 2292 τήν
429 2205 672 2274 ὑποτείνουσαν
694 2211 716 2291 β
740 2205 781 2293 L',
807 2207 863 2274 καλ
886 2205 907 2293 ἡ
931 2205 996 2274 άπὸ
1014 2211 1073 2293 τῆς

60 2312 168 2397 ὀρθῆς
195 2316 320 2397 γωνίας
351 2312 404 2380 ἐπὶ
435 2314 498 2398 την
526 2311 627 2397 βάσιν
658 2312 801 2391 κάθετος
831 2324 924 2398 τεμεῖ
947 2312 1072 2397 ταύτην

60 2422 107 2497 είς
130 2409 156 2484 θ
180 2419 301 2486 δέκατα
322 2419 378 2486 nal
402 2424 435 2490 ιξ
459 2420 595 2504 δέκατα,
623 2423 713 2487 ἔσται
743 2416 780 2485 δὲ
806 2414 905 2504 καλή
930 2417 1073 2497 κάθετος

61 2523 190 2592 δώδεκα
210 2523 368 2611 δεκάταν,
387 2525 442 2592 καλ
462 2524 714 2612 φυλαχθήσεται
732 2523 773 2592 τὰ
787 2528 848 2593 τοῦ
861 2529 1073 2612 πορίσματος.

127 2633 179 2699 21.
208 2628 308 2710 Ὅσας
337 2628 398 2717 μέν
430 2635 498 2699 τὼν
531 2628 682 2718 ἀποριῶν
712 2627 810 2718 ήμελς
840 2627 1073 2718 ἠδυνήθημεν,
1092 2657 1126 2706 20

59 2735 303 2821 έπελνσάμεθα,
321 2736 447 2822 ταύτην
463 2735 500 2804 δὲ
514 2737 569 2804 καὶ
584 2738 707 2824 ἑτέρας,
725 2733 766 2817 ἃς
778 2736 907 2825 προιὼν
921 2734 1074 2823 εὑρήσεις

60 2843 308 2929 δεδηλωμένας,
336 2843 381 2930 μὴ
410 2844 616 2930 δυνηθέντες
638 2856 708 2924 τοϊς
731 2845 971 2932 ἐντυγχάνουσι
999 2868 1073 2911 τιατ·

60 2952 217 3033 ελίπομεν
254 2946 425 3030 ἀξιοῦντες
460 2949 498 3019 τὸ
535 2952 689 3021 ἐλλεῖπον
719 2947 801 3038 ἡμῖν
838 2947 961 3031 αότοὺς
992 2947 1073 3017 ὀνα-

59 3057 234 3140 πί.ηρὼσαι
258 3051 303 3134 ὡς
325 3056 425 3142 χάριν
448 3058 504 3124 καὶ
527 3055 606 3144 παρ’
631 3054 728 3144 ἡμῶν
752 3055 794 3125 ού
821 3054 883 3143 τήν
905 3066 1073 3145 τυχοῦσαν

60 3161 204 3241 ἕξοντας.
244 3172 315 3239 πῶς
337 3161 402 3249 γάρ
427 3159 490 3231 οὐκ
513 3161 643 3249 άπορον
666 3166 777 3248 τοῦτο,
801 3159 852 3230 ὅτι
875 3161 930 3229 καί
949 3164 985 3231 έν
1003 3174 1074 3240 τοῖς
1092 3184 1126 3233 τι

59 3265 124 3351 πρὸ
157 3264 281 3335 τούτου
308 3268 343 3355 η’
367 3269 587 3357 θεωρήματος
617 3269 673 3337 καὶ
702 3272 738 3338 έν
769 3280 838 3348 τοῖς
864 3265 946 3354 μετά
972 3277 1072 3336 τοῦτο

59 3370 237 3458 τριγώνοις
269 3376 376 3441 ποιών
409 3371 593 3459 άναλογίαν
630 3370 649 3442 ὁ
682 3372 866 3460 Εὐκλείδης
902 3376 1072 3458 συγκρίνει

60 3475 219 3566 ἑκατέρου
236 3479 405 3566 τριγώνου
421 3478 570 3589 πλριρὰν
589 3476 669 3566 μετά
683 3482 742 3566 τής
759 3475 872 3566 ἑτέρας
889 3481 950 3546 τοῦ
968 3474 1074 3548 αὐτοῦ

132 3661 174 3713 21.
194 3658 207 3710 t
227 3656 290 3725 (νέα
308 3651 434 3727 άπορία).

135 3823 159 3869 1.
178 3817 247 3872 Post
262 3812 295 3872 ὅν
310 3817 373 3872 εδδ.
389 3814 462 3886 δί(ἰ)
478 3831 568 3886 comp.
579 3814 628 3869 Vs.
686 3819 729 3872 16.
745 3805 782 3890 {ss
792 3814 868 3887 <em
879 3807 1027 3870 emm}
1038 3815 1086 3867 ἲ,

110 3914 260 3968 Κααιιδιτ,
279 3915 331 3959 odd.
344 3916 451 3969 Hoiborg
466 3920 490 3960 ot
503 3918 596 3972 Μειιςε.
619 3918 649 3960 ἲ.
897 3908 941 3957 Ὣ-
