2414 4236
337 478 520 528 APPENDIX
539 478 811 532 ευυοειουυειι
1020 477 1086 542 693

70 618 108 686 τδ
136 615 176 684 θ’
203 619 265 684 τοῦ
294 617 329 681 α’
356 620 425 684 τάν
447 620 635 685 Θεοδοσίου
663 620 866 704 σφαιρικάν·
903 615 962 686 ἐὰν
995 609 1016 705 ᾖ
1050 620 1087 687 έν

70 728 199 811 σφαίρᾳ
221 720 358 806 κύκλος,
386 719 452 790 άπὸ
482 723 523 790 δέ
546 748 639 802 τινος
665 726 734 791 τῶν
760 722 877 791 πόλων
904 720 1010 791 αὐτοῦ
1034 722 1084 790 ἐπ’

71 825 175 897 αύτὸν
207 829 350 907 κάθετος
382 825 489 916 ἀχθῇ,
522 829 575 896 ἐπὶ
607 826 645 897 τὸ
678 832 819 912 κέντρον
851 842 999 897 πεσεῖται
1026 832 1087 897 τοῦ

70 935 205 1002 κύκλου.
250 931 311 1002 έδν
334 933 376 1020 δὴ
400 933 466 1002 άπὸ
489 943 551 1002 τοῦ
574 940 613 1001 Ν
637 935 690 1002 έπὶ
712 937 751 1002 τὸ
778 948 934 1022 σημεῖον,
961 933 1040 1002 καθ’
1067 931 1086 1002 δ

71 1041 254 1127 συμβάλλει
277 1037 298 1126 ἡ
321 1038 386 1109 άπὸ
410 1043 471 1109 τοῦ
491 1046 519 1106 Ζ
540 1040 696 1126 κάθετος,
719 1042 869 1109 τουτέστι
887 1038 926 1109 τὸ
945 1042 1086 1127 κέντρον
1123 1067 1139 1117 5

73 1150 134 1213 τοῦ
157 1145 232 1229 περὶ
254 1143 293 1214 τὸ
317 1152 489 1214 ΑΒΓΔΕ
513 1145 731 1232 πεντάγωνον
754 1145 895 1231 κύκλου,
924 1143 1015 1234 ἀχθῇ
1038 1174 1087 1226 τις

71 1251 206 1337 εὐθεῖα,
234 1249 346 1339 ὀρθάν
373 1258 503 1339 γωνίαν
531 1250 662 1320 ποιέσει
689 1251 770 1339 μετὰ
795 1256 853 1332 τάς
877 1252 944 1320 ἀπὸ
970 1259 997 1319 Ζ
1024 1256 1087 1321 τοῦ

37 1365 40 1368 ’
70 1359 179 1427 πόλου
209 1362 271 1427 τοῦ
303 1358 378 1444 περὶ
414 1357 452 1426 τὸ
487 1361 678 1444 ἐκκείμενον
710 1359 928 1444 πεντάγωνον
960 1358 1087 1427 κύκλου

70 1574 132 1638 τοῦ
160 1570 208 1639 ια’
230 1575 299 1639 τῶν
327 1574 511 1657 στοιχείων.
556 1568 616 1638 ἐὰν
646 1570 688 1657 δὴ
718 1569 782 1638 άπὸ
806 1574 868 1638 τοῦ
892 1577 921 1638 Θ
946 1578 1086 1656 σημείου
1106 1596 1140 1645 10

71 1676 285 1764 παράλληλον
318 1675 421 1764 ταύτῃ
453 1679 494 1763 τῇ
526 1672 592 1743 άπὸ
624 1679 686 1743 τοῦ
712 1682 752 1744 Ν
779 1672 923 1764 άχθείσγ
957 1675 1086 1766 εύθείᾳ,

72 1788 289 1870 συμβαλεῖται
306 1795 346 1871 τῇ
366 1781 431 1851 άπδ
446 1784 509 1850 τοῦ
523 1788 550 1848 Ζ
564 1783 709 1874 καθέτῳ·
731 1779 831 1869 ἡγὰρ
845 1778 930 1868 αύτὴ
944 1780 1087 1862 κάθετος

71 1901 219 1956 πεσεῖται
245 1889 302 1957 καὶ
330 1889 383 1956 έπὶ
410 1886 448 1975 τὸ
476 1889 617 1975 κέντρον
644 1892 706 1957 τοῦ
733 1888 809 1975 περὶ
836 1887 874 1957 τὸ
897 1893 1093 1956 ΗΘΚΛΜ

71 1993 290 2078 πεντάγωνον
308 1994 447 2061 κύκλου·
471 1996 508 2062 έν
529 2000 657 2083 σφαίρᾳ
680 1994 744 2081 γάρ
768 1993 980 2082 παράλληλοί
999 1998 1087 2062 εἰσιν

72 2101 108 2166 οί
132 2096 260 2165 κύκλοι.
305 2099 362 2165 καὶ
389 2099 460 2166 έπελ
487 2103 535 2178 είς
562 2099 625 2167 δύο
655 2099 793 2180 εὐθείας
818 2102 881 2186 τήν
904 2126 939 2169 τε
962 2097 1026 2168 άπὸ
1050 2105 1089 2168 Ν
1106 2124 1138 2175 ισ

71 2204 127 2271 καὶ
149 2201 212 2290 τὴν
229 2200 301 2271 άπὸ
320 2210 349 2271 Θ
366 2201 487 2271 εὐθεῖα
510 2206 666 2272 ένέπεσεν
684 2205 705 2291 ἡ
726 2201 792 2273 άπὸ
812 2213 915 2273 τοῦΖ
934 2206 1087 2289 κάθετος,

71 2308 150 2397 μεθ’
178 2310 332 2397 ἑκατέρας
360 2306 472 2377 αὐτῶν
500 2306 610 2396 ὀρθὴν
637 2309 769 2397 ποιήσει
800 2316 944 2397 γωνίαν,
975 2312 1031 2379 καὶ
1063 2312 1085 2398 ἡ

71 2415 164 2496 ἐκτὸς
182 2420 222 2505 τῇ
243 2415 337 2495 ἐντὸς
354 2416 410 2484 καλ
429 2413 632 2483 ἀπεναντίον
652 2424 720 2502 ἴση,
743 2418 915 2485 τουτέστιν
933 2415 954 2502 ἡ
973 2415 1039 2485 άπὸ
1058 2426 1087 2485 Θ

71 2522 152 2610 μετὰ
175 2527 234 2609 τῆς
257 2521 323 2591 άπὸ
348 2530 376 2590 Ζ
403 2522 551 2591 καθέτου
577 2526 617 2610 τῇ
641 2519 706 2591 άπὸ
730 2529 765 2591 Ν
792 2521 872 2609 μετά
899 2533 958 2608 τῆς
986 2521 1087 2609 αὐτῆς

70 2630 218 2698 καθέτου
236 2637 291 2715 ίση
312 2633 412 2696 ἔσται.
448 2627 550 2695 πάλιν
574 2627 634 2696 ἐὰν
657 2626 724 2697 άπὸ
746 2633 809 2696 τοῦ
827 2636 871 2696 Μ
890 2629 942 2698 ἐπὶ
965 2627 1003 2696 τὸ
1027 2649 1084 2715 ση-
1104 2655 1139 2706 20

71 2749 179 2821 μεῖον,
204 2736 283 2802 καθ’
305 2731 323 2803 δ
348 2732 530 2820 συμβάλλει
553 2730 574 2819 ἡ
598 2732 663 2802 άπὸ
688 2738 778 2823 Θτῇ
801 2732 867 2802 άπὸ
892 2742 920 2802 Ζ
941 2735 1084 2826 καθέτῳ,

71 2839 161 2930 ἀχθῇ
186 2837 316 2925 εὐθεῖα,
339 2836 451 2926 ὀρθὴν
474 2837 606 2925 ποιήσει
629 2838 708 2926 μετὰ
732 2844 790 2927 τῆς
808 2839 909 2927 αὐτῆς
927 2843 1086 2926 καθέτου,

72 2948 127 3015 καί
160 2945 217 3015 διὰ
248 2943 286 3014 τὸ
320 2945 368 3013 ιδ’
401 2949 462 3013 τοῦ
495 2944 528 3012 α’
561 2948 631 3014 τῶν
664 2953 838 3033 στοιχείων
870 2943 920 3015 ἐπ’
950 2945 1087 3025 εὐθείας

72 3059 206 3122 ἔσονται
229 3049 250 3137 ἡ
272 3047 339 3119 άπὸ
363 3058 392 3119 Θ
417 3056 458 3140 τῇ
482 3049 547 3120 άπὸ
571 3059 621 3121 Μ.
668 3057 727 3138 μία
757 3049 823 3141 ἄρα
853 3050 970 3122 εύθεία
994 3058 1085 3121 ἔσται

72 3157 93 3245 ἡ
118 3166 199 3227 ΘΜ.
240 3156 297 3226 διὰ
322 3157 360 3226 δδ
381 3155 419 3226 τδ
444 3157 478 3224 α’
502 3161 564 3226 τοῦ
588 3156 635 3225 ια’
659 3168 729 3225 τῶν
752 3165 927 3245 στοιχείων
950 3158 1085 3239 εύθείας
1103 3184 1139 3236 25

72 3268 226 3352 γραμμῆς
256 3265 357 3351 μέρος
384 3265 445 3351 μέν
470 3288 503 3331 τι
530 3261 592 3331 ούκ
620 3268 712 3331 ἔστιν
739 3265 776 3332 έν
802 3267 848 3356 τῷ
876 3263 1084 3356 ὑποκειμένῳ

72 3371 234 3460 ἐπιπέδῳ,
276 3372 376 3457 μέρος
414 3371 454 3439 δέ
486 3396 519 3438 τι
555 3372 593 3438 έν
630 3371 874 3460 μετεωροτέρῳ·
922 3372 1085 3439 δέδεικται

73 3475 151 3565 ἄρα,
176 3474 227 3545 ὅτι
250 3475 305 3544 καὶ
330 3478 368 3544 έν
387 3475 438 3543 ἑνὶ
457 3475 600 3562 ἐπιπέδῳ
619 3475 687 3543 έστλ
708 3473 744 3544 τὸ
760 3481 952 3543 ΗΘΚΛΜ
968 3477 1086 3544 πεντά·

71 3609 194 3669 γωνον.

146 3821 170 3871 7.
190 3808 317 3883 ποιήσει]
337 3830 376 3868 -ει
397 3828 412 3867 ο
431 3827 502 3867 corr.
520 3810 554 3866 V.
628 3816 669 3867 10.
690 3810 758 3868 Post
776 3807 812 3882 δή
831 3811 885 3868 δελ
904 3813 957 3868 καί
970 3811 1005 3870 V.
