2414 4236
99 533 190 587 XXIV
386 531 656 584 PROLEGOMENA
673 530 825 585 GRTTICA.

100 675 178 729 modi
191 673 323 744 operibus
338 671 516 741 antiquitatis
530 671 635 726 fectum
648 670 776 724 uidemus
790 669 870 724 uelut
883 669 913 724 in
927 667 1008 725 libris
1027 695 1033 731 :
1049 699 1054 717 ι
1078 697 1080 711 2
1094 670 1098 675 '

101 752 278 820 maticorum,
297 752 327 806 in
344 750 441 806 lexicis
460 753 513 804 cet.
548 750 644 818 itaque
663 752 696 805 ut
712 752 824 819 tempus
843 751 873 804 et
890 764 996 818 genera
1021 776 1041 793 ·s
1071 775 1073 784 ι

101 832 352 901 interpolationum
367 830 582 900 distinguamus,
598 828 673 898 quod
686 829 733 884 uel
743 827 927 899 praecipuum
941 843 1012 898 opus
1025 826 1070 884 ei-
1093 836 1096 906 g

104 911 153 980 qui
171 911 232 966 fata
249 910 458 966 Elementorum
476 908 608 978 persequi
625 907 709 977 uelit,
734 909 800 962 ante
819 905 914 964 omnia
930 922 1047 965 necesse
1066 932 1070 950 ι

103 992 260 1046 etcertum
282 989 396 1059 aliquod
419 989 630 1044 fundamentum
654 1004 833 1059 quaeramus,
857 987 930 1042 unde
954 986 1046 1079 (113ῳί
1077 1014 1079 1019 <
1102 1033 1118 1052 ,.

100 1073 198 1124 nostra
224 1069 255 1124 in
277 1072 424 1138 utramque
446 1071 558 1138 partem
582 1067 657 1123 exire
680 1066 777 1137 possit.
819 1082 907 1136 qnare
930 1067 967 1122 ab
989 1065 1068 1122 edrv
1088 1065 1106 1140 j

99 1148 221 1205 Theonis
239 1149 428 1219 incipiendum
449 1165 509 1203 esse
528 1147 636 1218 putaui.
674 1147 724 1201 sed
741 1146 818 1216 prins
836 1161 922 1215 quam
941 1145 977 1200 de
1000 1172 1030 1193 :=·
1045 1173 1048 1183 .
1063 1173 1083 1189 »ι

99 1228 286 1297 disputamus,
315 1227 533 1293 ostendendum,
556 1244 613 1295 qua
635 1224 835 1282 auctoritate'
827 1242 857 1279 m
880 1241 915 1280 ea
937 1202 1080 1281 restituet

97 1309 226 1364 nitamur.

547 1419 589 1481 Ca
611 1468 616 1480 .
640 1419 664 1479 1.
1091 1478 1094 1485 ,
1120 1451 1122 1455 «

101 1522 228 1586 Quibus
247 1520 436 1575 auctoribus
456 1521 496 1573 de
516 1440 657 1573 edittlbne
676 1519 818 1573 Theonis
840 1519 980 1573 iudicari
995 1533 1041 1583 ps
1056 1539 1057 1553 2
1070 1502 1093 1552 f
1114 1549 1131 1582 ·.·

171 1628 260 1682 Cardo
277 1627 360 1682 huius
380 1625 552 1695 quaestionis
574 1625 604 1680 in
621 1624 685 1680 loco
703 1624 754 1679 illo
773 1623 1077 1680 memorabili

102 1710 237 1764 turiorum
251 1705 375 1761 Theonis
392 1706 422 1761 iu
437 1705 629 1760 Ptolemaeum
647 1705 698 1773 est,
716 1703 766 1758 ubi
783 1704 904 1775 legimus
921 1705 945 1775 (1
959 1722 987 1774 p.
1001 1708 1052 1759 201
1072 1743 1076 1749 .
1117 1736 1119 1742 ·

103 1787 205 1840 Halma
224 1811 257 1832 =
276 1803 303 1855 p.
322 1789 357 1838 60
377 1785 421 1839 ed.
440 1782 537 1854 Basil.)
560 1777 606 1839 ὅτι
628 1783 660 1839 dt
685 1780 715 1839 ol
737 1779 784 1840 tert
803 1785 871 1839 teos
888 1779 1002 1839 κύκλων
1029 1813 1044 1829 0

106 1862 177 1934 πρὸς
196 1863 330 1958 ἀλλήλους
348 1861 429 1931 εἰσίν,
448 1857 485 1925 ὡς
503 1860 536 1916 αἱ
550 1864 659 1933 γωνίαι,
679 1858 729 1933 ἐφ’
744 1855 784 1918 ὧν
804 1859 948 1937 pedisecos,
967 1859 1035 1919 eser
1074 1897 1078 1900 ·
1122 1919 1131 1932 ,2

96 1940 170 2015 ἡμῖν
198 1941 230 2000 ἓν
257 1945 290 2015 τῇ
318 1939 430 1999 ἐκδόσει
452 1942 509 1996 τῶν
534 1945 679 2012 στοιχείων
702 1940 773 2013 πρὸς
794 1944 833 2016 τῷ
855 1941 931 1998 rs'tss
952 1943 1004 1998 τοῦ
1028 1938 1044 1997 l
1070 1973 1074 1981 ⁴
1124 1971 1127 1974 ⁴

101 2026 219 2095 βιβλίου.
258 2022 355 2092 itaque
379 2039 441 2077 cum
459 2021 514 2077 hoc
533 2023 756 2078 additamentum
776 2038 866 2092 paene
885 2037 982 2077 omnes
1001 2020 1088 2078 cedi-2
1127 2052 1145 2091 -,

97 2102 189 2157 nostri
208 2102 238 2157 iu
256 2101 307 2170 VI,
331 2109 365 2157 33
386 2102 521 2168 habeant,
546 2102 739 2157 erecensione
758 2103 881 2158 Theonis
899 2099 1020 2171 profecti
1038 2100 1145 2167 snut.

96 2180 128 2234 id
147 2181 222 2249 quod
245 2181 441 2251 plerumqne'
432 2181 488 2250 ipsi
512 2180 604 2236 titulis
628 2182 685 2236 suis
709 2178 752 2249 (ἐκ
771 2202 821 2252 της
840 2181 953 2243 Θέωνος
973 2175 1145 2245 ἐκδόσεως

97 2261 239 2331 etsimil.)
253 2263 400 2317 testantur.
428 2262 486 2316 iam
506 2276 570 2314 cum
588 2259 770 2330 Peyrardus'
762 2279 792 2315 m
806 2261 866 2315 cod.
877 2260 940 2314 Vat.
956 2265 1007 2316 130
1022 2268 1144 2329 nequo

96 2339 344 2410 interpolationem
362 2340 441 2395 illam
465 2355 558 2410 neque
577 2341 650 2394 hunc
669 2341 785 2396 titulum
803 2339 956 2407 inueniret,
981 2355 1032 2395 suo
1050 2338 1120 2395 im!
1143 2348 1145 2353 “

99 2421 172 2475 hunc
192 2420 317 2475 codicem
336 2419 528 2476 recensionem
543 2419 656 2475 Theona
675 2419 861 2488 antiquiorem
880 2421 1025 2477 continere
1037 2418 1121 2476 iudi·

98 2500 182 2554 cauit.
221 2502 250 2553 et
268 2499 414 2553 librarium
433 2498 539 2552 codicis
558 2498 580 2552 P
599 2500 659 2553 siue
677 2501 772 2568 potius
792 2499 938 2569 archetypi
962 2500 1023 2555 eius
1041 2499 1118 2555 dot!

94 2579 163 2632 illas
182 2576 360 2632 recensiones
379 2576 491 2631 nouisse
511 2579 540 2631 et
558 2578 654 2633 dedita
672 2596 757 2648 opera
776 2579 921 2647 antiquam
935 2577 1117 2653 praetulisse,
1129 2612 1141 2625 ·

98 2658 217 2726 adparet
234 2672 250 2710 e
265 2656 372 2711 scholio
386 2657 572 2726 memorabili,
592 2660 666 2727 quod
680 2659 720 2713 IV
733 2678 760 2729 p.
776 2665 828 2715 363
841 2660 900 2713 ιιο1.
916 2657 1007 2713 edidi=
1026 2659 1115 2714 rods·

96 2733 129 2789 τὸ
143 2733 282 2804 θεώρημα
297 2731 329 2790 ἐν
343 2741 402 2797 τοῖς
414 2736 556 2799 πλείστοις
573 2739 632 2805 τῆς
651 2737 731 2801 νέας
746 2734 918 2799 ἐκδόσεως
931 2731 966 2792 οὗ
982 2737 1112 2807 pierres,

95 2811 128 2870 ἒν
148 2813 179 2869 dt
199 2821 257 2877 τοῖς
280 2814 337 2883 τῆς
359 2814 513 2878 παλαιᾶς
532 2813 693 2884 εὑρίσκεται
715 2816 803 2886 (XIII,
823 2824 839 2872 6
863 2816 893 2870 in
911 2816 934 2869 P
953 2819 1057 2884 exstat,
1078 2815 1115 2870 in

93 2893 239 2948 nonnullis
255 2892 406 2949 Theoninis
426 2895 524 2963 deest).
553 2895 650 2965 itaque
669 2895 839 2966 comparatis
858 2896 938 2950 codd.
957 2893 1109 2951 Theoniniu

95 2975 124 3026 et
142 2972 165 3025 P
187 2974 223 3028 de
247 2974 449 3030 mutationibus
468 2992 486 3029 a
503 2974 616 3028 Theone
639 2973 723 3030 factis
748 2976 778 3028 in
800 2976 962 3030 uniuersum
985 2975 1107 3032 iudicare
1143 2968 1145 2975 ’

97 3068 255 3121 possumus.

166 3132 224 3187 iam
243 3133 364 3204 primum
383 3134 419 3189 ad
436 3134 551 3189 breuem
570 3134 701 3189 notitiam
725 3132 830 3188 codicis
849 3133 914 3188 Vat.
935 3139 999 3202 190,
1023 3150 1103 3206 quare

97 3210 162 3265 dedi
180 3212 193 3264 I
213 3230 240 3282 p.
259 3212 333 3283 VlII,
352 3213 509 3270 uberiorem
528 3213 745 3284 descriptionem
763 3213 923 3282 adiungam.

163 3290 257 3348 Codex
284 3294 439 3354 Uaticanus
473 3294 561 3364 igitur
592 3309 709 3364 graecus
742 3307 858 3347 numero
890 3298 942 3347 130
974 3293 1104 3363 signatur,

92 3374 246 3428 membran.
265 3373 357 3429 forma
375 3377 441 3442 lta,
459 3390 534 3429 nunc
553 3375 661 3428 duobus
680 3374 792 3428 constet
810 3371 1014 3442 uoluminibus,
1037 3386 1105 3443 quae

93 3449 152 3503 sine
177 3452 262 3506 dubio
286 3455 353 3509 olim
377 3453 528 3510 coniuncta
551 3456 638 3509 erant.
677 3454 765 3510 codex
783 3453 858 3522 ipse,
882 3451 932 3521 qui
951 3447 1105 3507 saeculoX

93 3529 258 3585 tribuendus
278 3535 334 3601 est,
356 3536 434 3590 totus
453 3534 552 3590 eadem
572 3551 656 3589 manu
674 3531 766 3588 nitida
785 3535 814 3586 et
832 3532 968 3587 adcurate
986 3533 1104 3603 scriptur

93 3610 136 3663 est
161 3609 265 3665 litteris
293 3611 436 3682 oblongis,
469 3616 625 3669 atramento
653 3613 746 3689 bpdio.
792 3611 822 3666 in
850 3609 968 3680 singulis
994 3609 1106 3682 paginis

93 3689 176 3744 binae
191 3691 346 3747 columnae.
366 3691 481 3762 spiritus
491 3698 678 3762 accentusque
691 3694 856 3762 plerumque
871 3692 996 3758 deerant,
1010 3688 1107 3748 multis

92 3766 163 3823 locis
185 3769 315 3826 manibus
342 3771 545 3828 recentioribus
569 3772 659 3827 additi
684 3775 764 3840 sunt,
787 3770 837 3826 sed
856 3769 1051 3826 inconstanter
1068 3769 1107 3839 (iu
1141 3792 1145 3843 ι

90 3843 170 3901 libris
196 3846 261 3901 XIV
288 3851 317 3904 et
340 3849 392 3904 XV
419 3852 448 3904 et
475 3848 505 3904 in
534 3849 648 3906 scholiis
676 3868 788 3922 prorsus
816 3849 1006 3918 omittuntur).
1048 3865 1108 3906 cor·
