2424 4320
216 603 372 655 SOHOLIA
390 603 428 654 IN
446 603 721 666 ELEMENTORUM
737 604 876 656 LIBRUM
889 606 950 657 XII.
1024 601 1088 667 651

144 746 196 812 89.
232 743 388 823 Κώθετος
409 739 430 829 ἡ
455 749 526 810 ΚΩ
548 768 579 829 p.
603 747 677 829 238,
702 747 735 827 7]
759 739 780 828 ἡ
804 741 870 811 ἀπὸ
893 748 954 813 τοτ’
979 751 1013 812 K
1034 743 1090 810 καλ

76 857 124 919 ἔτι
148 851 201 918 ἐπὶ
223 847 286 935 τὴν
310 856 378 917 ΒΦ
404 861 551 917 πεσεῖται
575 849 628 917 ἐπὶ
650 848 688 916 τὸ
718 861 874 935 σημεῖον,
908 846 961 935 ἐφ’
988 844 1007 916 ὃ
1034 850 1090 917 καὶ

75 955 96 1043 ἡ
122 953 186 1024 ιἰπὸ
215 960 277 1024 τοῦ
302 963 330 1022 O
352 955 509 1039 κάθετος,
538 954 591 1022 ἐπὶ
618 954 656 1022 τὸ
683 962 727 1023 Φ·
765 952 786 1040 ἡ
815 953 852 1023 δὲ
879 951 1046 1035 ἀπόδειξις
1069 952 1089 1041 ἡ

75 1089 169 1150 αντη.

143 1173 195 1238 90.
233 1168 302 1237 Καλ
327 1168 393 1237 ἐπεὶ
418 1164 439 1253 ἡ
463 1175 532 1235 ΒΔ
554 1195 584 1256 p.
603 1170 678 1254 238,
698 1172 730 1251 7]
756 1171 787 1235 εἰ
808 1169 873 1254 γὰρ
897 1164 918 1253 ἡ
942 1174 1010 1234 ΒΔ
1031 1171 1090 1254 τῆς
1127 1193 1143 1242 5

77 1284 146 1342 ΔΑ
170 1279 271 1360 διπλῆ
295 1277 395 1357 ἐστιν,
419 1278 539 1360 μείζων
564 1275 604 1342 δέ
624 1275 715 1341 ἐστιν
737 1272 758 1360 ἡ
783 1280 855 1341 ΛΦ
876 1277 935 1360 τῆς
959 1271 1088 1360 Am]

75 1379 142 1465 ἄρα
166 1388 234 1448 ΒΔ
255 1384 314 1465 τῆς
339 1387 410 1447 ΛΦ
433 1383 578 1447 ἐλάττων
602 1380 693 1447 ἐστὶν
715 1377 736 1465 ἢ
762 1384 870 1465 διπλῆ.

143 1490 195 1554 91.
227 1483 272 1553 Ἡ
295 1484 360 1572 γὰρ
383 1493 452 1553 ΒΔ
478 1495 536 1570 τῆς
560 1494 630 1552 ΑΔ
658 1488 726 1554 ἐστι
755 1489 871 1572 διπλῆ,
904 1491 1023 1572 μείζων
1053 1486 1090 1554 δὲ

75 1591 96 1678 ἡ
124 1600 194 1659 ΦΔ
216 1603 275 1678 τῆς
298 1599 381 1658 ΑΔ’
411 1589 466 1658 διὰ
489 1589 527 1659 τὸ
552 1590 587 1657 α’
610 1596 671 1660 τοῦ
695 1591 736 1663 ς’.

143 1703 195 1766 92.
232 1703 304 1764 Καί
326 1700 395 1767 ἐστι
421 1702 481 1784 τῆς
504 1704 577 1765 ΚΔ
603 1725 634 1785 p.
657 1702 736 1784 238,
762 1702 816 1781 13]
844 1703 903 1785 τῆς
925 1706 998 1767 ΚΔ
1021 1701 1088 1767 ἐπι·
1110 1722 1142 1772 10

75 1807 297 1892 ζευγνυμέυης
328 1811 456 1890 γίνεται
484 1809 651 1890 τρίγωνον
678 1801 894 1890 ὀρθογώνιον
921 1803 960 1874 τὸ
985 1814 1018 1872 Δ
1024 1812 1089 1873 ΚΒ

74 1910 185 1998 ὀρθὴν
218 1917 296 1999 ἔχον
327 1909 390 1997 τὴν
422 1907 488 1979 ὑπὸ
517 1916 622 1978 ΛΚΒ
653 1915 791 1995 γωνίαν.
841 1910 879 1979 τὸ
913 1910 978 1996 ἄρα
1011 1910 1088 1978 αἰνα·

73 2018 290 2106 γραφόμενον
323 2015 389 2086 ἀπὸ
422 2021 481 2103 τῆς
510 2023 577 2084 ΒΦ
609 2016 821 2103 τετράγωνον
853 2018 909 2085 καὶ
936 2015 974 2086 τὸ
1007 2037 1089 2103 συμ-

74 2124 310 2211 πληρούμενον
333 2122 477 2210 ὑπὸτῆς
498 2131 568 2191 ΦΛ
590 2123 940 2211 παραλληλόγραμμον
958 2122 996 2191 τὸ
1017 2130 1052 2190 Κ
1057 2131 1090 2189 Δ

74 2232 165 2297 ἐστιν
189 2227 270 2297 ὅλον
293 2228 642 2314 παραλληλόγραμμον
665 2229 902 2316 περιεχόμενον
930 2227 996 2297 ὑπὸ
1020 2232 1088 2296 τών
1110 2251 1143 2300 ιο

75 2343 157 2419 ΔΒ,
179 2341 247 2402 ΒΚ
270 2332 422 2431 εὐθειῶν.
470 2335 616 2414 ἑπέζενξε
640 2333 677 2401 δὲ
700 2333 762 2418 τὴν
785 2341 820 2401 Κ
826 2344 857 2402 Δ
879 2336 962 2420 πρὸς
984 2333 1089 2419 παρά-

75 2460 193 2509 στασιν
225 2444 287 2508 τοῦ
317 2439 355 2507 τὸ
389 2446 424 2507 K
429 2448 462 2506 A
494 2439 843 2526 παραλληλόγραμμον
875 2442 1089 2527 περιέχεσθαι

73 2546 138 2615 ὑπὸ
163 2558 231 2614 τῶν
251 2553 330 2631 ΔΒ,
350 2553 417 2613 ΒΦ
440 2544 514 2631 ἤτοι
538 2550 643 2631 μῆκος
665 2545 727 2631 μὲν
751 2550 908 2631 γίνεσθαι
930 2548 992 2633 τὴν
1010 2554 1087 2632 ΚΒ,

73 2654 197 2732 πλάτος
231 2653 268 2720 δὲ
299 2651 361 2738 τὴν
390 2661 467 2721 ΒΛ.
517 2652 587 2720 ἐπεὶ
618 2651 682 2738 γὰρ
713 2651 751 2720 τὸ
780 2659 852 2719 ΚΔ
883 2656 1088 2740 παραλληλό-

74 2786 229 2847 γραμμον
252 2756 431 2825 διπλάσιόν
454 2759 523 2825 ἐστι
545 2761 606 2824 τοῦ
631 2764 735 2824 ΛΚΒ
758 2758 941 2846 τριγώνου,
969 2757 1014 2839 ὡς
1038 2761 1086 2827 δέ·
1107 2786 1142 2836 20

74 2872 200 2935 ὃεικται
233 2867 269 2932 ἐν
302 2867 347 2955 τῷ
376 2862 431 2930 λδ’
455 2862 649 2950 θεωρήματι
676 2867 738 2931 τοῦ
766 2864 800 2929 α’
826 2870 975 2950 βιβλίου·
1012 2871 1089 2953 δίχα

73 2971 199 3060 γὰρτὸ
223 2968 573 3055 παραλληλόγραμμον
595 2969 720 3056 τέμνει·
747 2973 778 3037 εἰ
800 2969 837 3038 δὲ
861 2975 947 3059 δίχα,
972 2976 1088 3058 δῆλον,

73 3079 124 3148 ὅτι
148 3076 168 3165 ἡ
193 3084 260 3146 ΚΒ
287 3077 374 3155 ὕψος
401 3077 439 3142 τέ
460 3077 528 3142 ἐστι
556 3078 617 3142 τοῦ
640 3082 713 3143 ΚΔ
739 3078 1089 3166 παραλληλογράμμου

72 3186 128 3252 καὶ
147 3183 244 3270 βάσις
261 3187 323 3250 τοῦ
343 3188 415 3249 ΛΚ
419 3190 446 3249 Β
465 3181 647 3267 τριγώνου·
670 3181 800 3251 τούτων
817 3182 923 3263 οὕτως
942 3185 1088 3271 ἐχόντων

145 3402 188 3451 89.
208 3397 238 3451 P.
311 3402 354 3450 90.
373 3395 404 3451 B.
478 3401 520 3450 91.
540 3392 685 3465 Vbq(P).
760 3400 803 3450 92.
823 3394 888 3464 qu
904 3394 971 3464 (1³¹),

146 3598 170 3644 ⁶2.
191 3586 253 3662 ἐπί]
264 3593 328 3659 (pr.)
339 3591 368 3644 in
378 3607 431 3644 ras.
443 3590 472 3644 P.
525 3597 549 3646 ἵ.
565 3587 711 3653 διπλάσιος
722 3591 751 3645 Β.
803 3594 827 3644 8.
846 3591 896 3657 τῆς
906 3592 971 3661 ΑΔ]
985 3607 1039 3645 om.
1054 3592 1087 3646 V.

110 3661 156 3733 δὲ]
176 3657 233 3730 ἄρα
252 3662 309 3730 Vq.
369 3667 394 3716 9.
415 3657 516 3714 διώ-
536 3658 578 3732 ς’]
598 3678 651 3718 om.
672 3679 699 3730 q.
766 3657 1089 3734 12.ὑιιὸΔ1(Β]ιιρὸς

72 3735 110 3820 τώ
133 3732 211 3801 BV,
235 3748 388 3802 suprascr.
409 3727 465 3785 ὑπὸ
484 3734 577 3787 ΚΒΑ.
617 3727 648 3787 ἐν
667 3729 822 3805 ἡμικυκλίῳ
841 3729 907 3803 γάρ·
935 3727 966 3787 ἐκ
985 3731 1089 3789 τούτου

75 3825 128 3860 ονν
147 3806 296 3873 προβαίνει
315 3798 332 3872 ἡ
353 3803 440 3868 δεῖξις
463 3797 511 3855 διὰ
533 3799 569 3856 τὰ
587 3804 746 3873 πορίσμαια
764 3808 815 3859 τοῦ
835 3799 866 3872 η’
885 3804 936 3858 τοῦ
955 3800 993 3863 ς’.
1031 3802 1089 3859 cfr.

73 3893 116 3930 nr.
137 3880 178 3930 82.
272 3881 313 3928 14.
335 3876 402 3944 ΦΑ]
422 3872 451 3926 in
470 3889 523 3928 rae.
543 3872 577 3928 V.
666 3879 705 3928 18.
725 3874 794 3946 τῶν]
814 3876 864 3943 τῆς
882 3874 940 3944 Vq.
1023 3876 1088 3947 ΒΦ]

74 3965 126 4001 scr.
149 3950 208 3999 ΒΚ.
282 3951 325 3999 21.
344 3945 389 3999 26¹
410 3944 461 3999 τοῦ
479 3941 510 3997 α’
531 3946 597 4013 δίχα
615 3943 649 3998 V.
