2414 4236
147 506 188 570 16
512 506 714 561 ΣΤΟΙΧΕῙΩΝ
731 500 782 564 ιδ’.

146 649 214 715 έστί
237 652 283 741 τῷ
307 673 373 717 υπο
397 655 481 735 ΔΕ,
504 654 576 718 ΒΓ.
621 649 678 717 καί
700 646 809 717 πάντα
831 653 915 733 τρίς·
945 649 980 730 ἓξ
1002 645 1068 738 ἄρα
1091 655 1158 736 τρί-

146 781 239 841 γωνα
261 753 302 821 τὰ
327 760 433 824 ΔΒΓ
452 763 509 823 ἰσα
535 754 625 842 τρισὶ
651 767 723 836 τοίς
749 752 816 824 ύιτδ
839 762 922 842 ΔΒ,
945 761 1016 825 ΒΓ.
1062 757 1096 836 ἓξ
1119 755 1158 824 δὲ

145 866 289 949 τρίγωνα
311 857 351 928 τά
376 866 482 930 ΔΒΓ
505 860 569 929 δύο
597 861 667 930 ἐστὶ
693 866 842 948 τρίγωνα
864 858 905 929 τὰ
928 866 1036 930 ΑΒΓ.
1081 867 1158 947 τρία

146 964 212 1052 ἄρα
235 965 274 1035 τά
298 965 364 1036 ὑπὸ
392 975 470 1054 ΔΕ,
494 974 560 1036 ΒΓ
584 976 641 1036 ἰσα
663 968 733 1036 έστί
757 967 836 1037 δυσὶ
857 980 928 1049 τοίς
949 973 1056 1036 ΑΒΓ.
1102 969 1157 1036 καί

112 1072 255 1145 οπάντα
287 1077 427 1155 δεκάκις.
476 1073 515 1143 τὸ
543 1073 611 1160 ἄρα
636 1074 868 1161 τριακοντάκις
894 1070 961 1142 ὑπὸ
989 1080 1072 1161 ΔΕ,
1096 1081 1162 1142 ΒΓ

147 1187 224 1247 ἴσον
254 1180 345 1249 έστίν
372 1189 478 1249 εἰκοσι
505 1193 576 1260 τοῖς
599 1184 702 1248 ΑΒΓ
723 1179 915 1267 τριγώνοις,
943 1184 1094 1250 τουτέστι
1117 1185 1157 1270 τῇ

146 1290 208 1353 τοῦ
232 1288 449 1373 εἰκοσαέδρου
471 1288 656 1376 ἐπιφανείᾳ.
689 1283 775 1355 ώστε
792 1286 849 1354 καὶ
866 1283 913 1366 ώς
933 1284 955 1373 ἡ
975 1291 1036 1356 τού
1055 1291 1157 1355 δωδε-

146 1395 292 1478 καέδρου
326 1391 503 1480 ἐπιφάνεια
540 1391 625 1478 πρὸς
655 1393 720 1479 τὴν
756 1395 818 1461 τοῦ
840 1394 1057 1479 εἰκοσαέδρου
1090 1395 1158 1461 έπι-

147 1497 304 1585 φάνειαν,
338 1496 443 1580 οὕτως
470 1496 508 1567 τὸ
535 1495 604 1567 ὑπὸ
630 1501 690 1585 τῆς
714 1500 862 1585 πλευράς
888 1495 994 1567 αὐτοῦ
1020 1498 1077 1567 καὶ
1099 1510 1159 1587 τῆς

98 1627 130 1676 10
149 1603 214 1673 άπὸ
238 1608 300 1673 τοῦ
321 1606 463 1692 κέντρου
489 1608 551 1673 τοῦ
577 1604 653 1690 περὶ
680 1603 718 1673 τὸ
748 1609 919 1672 ΑΒΓΔΕ
942 1604 1158 1692 πεντάγωνον

146 1710 272 1778 κύκλου
295 1707 346 1780 ἐπ’
368 1709 475 1798 αὐτὴν
498 1712 646 1779 καθέτου
667 1708 835 1797 ἀγομένης
855 1708 940 1797 πρὸς
957 1708 995 1779 τδ
1014 1709 1081 1778 ὑπὸ
1099 1716 1159 1797 τῆς

147 1826 291 1904 πλευρᾶς
313 1821 375 1885 τοῦ
392 1819 610 1902 εἰκοσαέδρου
627 1817 683 1885 καὶ
702 1826 761 1904 τῆς
774 1814 840 1884 άκδ
858 1819 921 1885 τοῦ
937 1817 1079 1902 κέντρου
1096 1821 1159 1884 τοῦ

147 1923 222 2009 περὶ
240 1920 279 1991 τὸ
298 1929 465 2009 τρίγωνον
483 1922 610 1992 κύκλου
627 1920 678 1991 ἐπ’
698 1920 806 2010 αὐτὴν
828 1923 975 1992 καθέτου
993 1919 1159 2010 ἀγομένης

147 2033 216 2096 τών
235 2033 282 2109 εἰς
301 2028 364 2115 τὴν
378 2026 486 2116 αὐτὴν
500 2042 651 2116 σφαῖραν
665 2031 927 2116 ἐγγραφομένων
942 2031 1158 2118 εἰκοσαέδρου

96 2156 129 2205 15
148 2136 203 2202 καὶ
227 2137 469 2220 δωδεκαέδρου.

218 2244 349 2310 Τούτου
372 2240 478 2328 δήλου
502 2240 601 2322 ὄντος
624 2242 788 2326 δεικτέον,
817 2240 868 2310 ὅτι
897 2239 942 2322 ώς
964 2240 985 2328 ἡ
1009 2246 1070 2310 τοῦ
1095 2247 1157 2311 δω-

149 2348 331 2437 δεκάεδρον
355 2347 532 2435 ἐπιφάνεια
559 2347 643 2435 πρὸς
670 2347 732 2435 τὴν
758 2352 820 2415 τοῦ
848 2350 1065 2432 εἰκοσαέδρου
1093 2350 1158 2415 έπι-

148 2456 309 2541 φάνειαυ,
338 2450 445 2534 οὕτως
471 2450 492 2540 ἡ
520 2458 582 2521 τοῦ
609 2453 717 2539 κύβου
745 2450 871 2538 πλευρά
899 2451 981 2538 πρὸς
1008 2452 1069 2538 τὴν
1098 2459 1159 2520 τοῦ

149 2562 365 2646 εἰκοσαέδρου
387 2558 543 2645 πλευράν.

96 2687 131 2736 νο
216 2668 377 2733 ἐκκείσθω
404 2664 526 2745 κύκλος
554 2664 573 2731 δ
602 2662 861 2749 περιλαμβάνων
888 2665 927 2731 τό
949 2689 983 2729 τε
1010 2673 1071 2729 τοῦ
1097 2669 1157 2730 δω-

149 2771 332 2856 δεκαέδρου
363 2768 579 2855 πεντάγωνον
611 2770 668 2836 καὶ
694 2768 732 2836 τὸ
760 2773 822 2837 τοῦ
852 2770 1068 2852 εἰκοσαέδρου
1091 2779 1158 2857 τρί-

148 2903 261 2963 γωνον
284 2879 351 2943 τών
375 2880 422 2955 εἰς
449 2874 511 2961 τὴν
539 2871 646 2959 αὐτὴν
675 2888 824 2961 σφαῖραν
853 2876 1116 2962 ἐγγραφομένων
1141 2876 1158 2945 ὁ

151 2983 324 3068 ΑΒΓ,καί
336 2981 557 3070 ἐγγεγράφθω
572 2985 619 3060 εἰς
633 2979 693 3049 τὸν
703 2988 797 3049 ΑΒΓ
807 2980 931 3050 κύκλον
942 2984 1159 3070 εἰκοσαέδρου

150 3089 211 3176 μὲν
235 3087 360 3173 πλευρὰ
384 3084 405 3173 ἡ
428 3093 501 3172 ΓΔ,
526 3090 761 3174 δωδεκαέδρου
785 3087 821 3154 δὲ
844 3085 865 3174 ἡ
886 3094 957 3156 ΑΓ.
991 3089 1159 3177 τριγώνου

98 3218 131 3267 υο
151 3197 212 3284 μὲν
236 3194 301 3282 ἄρα
324 3193 526 3280 ἰσοπλεύρου
549 3194 619 3261 έστί
641 3194 768 3282 πλευρὰ
791 3191 812 3281 ἡ
837 3199 913 3280 ΓΔ,
943 3198 1161 3282 πενταγώνου

223 3432 247 3480 1.
265 3425 330 3494 καί]
351 3429 404 3479 ΚΑ
421 3424 451 3490 Ρ,
470 3425 542 3479 δέκα
559 3424 591 3478 Β.
664 3424 771 3496 πάντα]
790 3425 875 3481 πέντε
895 3425 926 3481 Β.
998 3427 1069 3497 τρίς]
1088 3432 1161 3494 τρεῖς

150 3496 202 3550 Βτ.
276 3502 300 3549 2.
326 3495 425 3566 ΔΒΓ]
449 3510 518 3549 corr.
539 3512 572 3549 ex
591 3498 721 3551 ΑΒΓΡ.
799 3499 846 3551 ἴσα
871 3493 931 3552 ἐστί
951 3496 1060 3551 PBVv.
1135 3504 1160 3550 3.

149 3564 197 3637 τά]
217 3563 253 3628 ὡς
270 3563 305 3619 τά
327 3564 437 3619 PBVv.
511 3568 609 3639 ΔΒΓ]
634 3574 716 3624 ΔΓΒ
735 3568 846 3623 PBVv.
920 3563 973 3621 δύο
993 3597 1026 3607 -
1045 3574 1071 3622 4.
1091 3568 1159 3642 ΒΓ]

150 3654 204 3691 om.
223 3636 335 3689 PBVv.
408 3643 432 3690 4.
456 3639 518 3692 ἰσον
536 3638 567 3693 Ρ.
639 3638 721 3709 δυσί]
745 3635 798 3693 δύο
823 3637 936 3692 PBVv.
1009 3643 1033 3694 ὁ.
1052 3639 1159 3708 ταντα]

149 3727 251 3761 πεντα-
271 3706 327 3761 ΡΒ.
410 3713 433 3763 δ.
459 3709 565 3764 εἴκοσιν
584 3710 731 3764 Friedlein.
816 3715 839 3763 7.
859 3709 924 3775 καί]
948 3704 1025 3760 ἔσται
1048 3707 1159 3761 PBVv,

186 3785 210 3833 9.
231 3780 299 3833 Post
317 3773 406 3840 οὕτως
424 3779 487 3832 αδδ.
507 3778 539 3833 τὸ
558 3776 614 3835 ὑπὸ
635 3784 699 3847 ΓΔ,
719 3782 776 3833 ΖΗ
796 3775 866 3846 πρὸς
884 3778 914 3830 τὸ
934 3773 991 3831 ὑπὸ
1011 3782 1075 3845 ΒΓ,
1095 3782 1159 3832 ΔΕ.

150 3847 180 3905 ἐκ
201 3848 236 3919 δὴ
256 3846 357 3904 τούτου
377 3849 514 3918 φανερόν,
533 3845 575 3905 δτι
595 3849 632 3914 ώς
650 3854 712 3920 (pro
731 3845 776 3904 ὅτι
795 3844 832 3911 ὡς
849 3848 912 3903 hab.
933 3843 1010 3909 ὅπως
1023 3848 1056 3917 Ρ)
1076 3844 1159 3917 ἡτοῦ
