2414 4236
152 506 196 571 96
303 454 1002 561 scnommnmmonuummt

151 649 294 716 δέδοται.
340 649 451 733 σχῆμα
477 644 540 733 μὲν
567 643 632 732 γάρ
659 652 788 735 εἴρηται
814 640 861 727 ὥς
882 644 986 733 πέρας
1006 648 1088 733 ἔχον
1108 644 1170 715 καὶ

149 751 388 840 περιεχόμενον
410 749 471 840 ὑφ’
497 751 575 832 ἑνὸς
597 749 693 838 ὅρον,
716 754 875 820 ἐπίπεδον
897 751 951 837 δέ,
972 747 1054 820 καθ’
1079 748 1169 821 ὅσον

151 864 220 928 τῶν
243 861 408 929 ἐπιπέδων
432 860 511 944 έστί,
534 855 619 943 πρὸς
642 856 680 925 δέ
696 855 760 945 τὴν
777 855 935 945 γραμμὴν
952 864 1028 937 toas
1045 862 1170 945 έχοντα

151 964 209 1046 τὰς
231 961 290 1051 ἀφ’
312 963 389 1045 ἑνὸς
410 967 479 1033 τῶν
503 960 596 1044 έντδς
619 969 777 1051 σημείων.
811 963 867 1031 καὶ
889 960 953 1050 γάρ
972 967 1005 1031 εἰ
1020 968 1171 1045 ἔλλειψις

116 1069 217 1144 εύπδ
242 1076 320 1158 μιᾶς
340 1072 525 1158 περιέχεται
546 1073 715 1157 γραμμῆς,
743 1066 817 1138 ἀλλ’
842 1064 906 1139 ούκ
932 1068 1019 1138 είσδν
1042 1072 1082 1137 τί
1102 1066 1167 1157 σάφ’

152 1176 228 1259 ἑνὸς
249 1183 317 1247 τω”ν
342 1175 435 1257 ἐντὸς
457 1184 528 1244 ίσαι
551 1180 668 1246 πᾶσαι·
715 1175 780 1245 δύο
807 1174 873 1263 γάρ
899 1174 1004 1263 μόναι
1030 1176 1085 1245 ἐπὶ
1107 1178 1170 1263 τῆς

152 1287 327 1365 ἐλλείψεως
350 1293 421 1352 ίσαι
443 1288 598 1369 γίνονται
620 1281 761 1352 εύδεται,
801 1282 858 1351 καί
879 1280 947 1370 μὴν
969 1282 1027 1351 καὶ
1044 1284 1085 1351 αί
1098 1278 1168 1353 άπὸ

151 1394 212 1459 τοῦ
239 1390 347 1460 πόλου
373 1388 458 1475 πρὸς
483 1387 545 1476 τὴν
572 1394 634 1458 τοῦ
661 1388 790 1459 κύκλον
815 1390 1034 1478 περιφέρειαν
1063 1408 1167 1477 κροσ-

151 1502 331 1565 πίπτουσαι
354 1494 486 1565 εὐθεῖαι
512 1500 621 1564 πᾶσαί
644 1499 731 1565 είσιν
759 1504 845 1581 ίσαι,
876 1495 950 1564 ἀλλ’
977 1492 1041 1565 οῦκ
1072 1493 1167 1575 άντύς

99 1628 133 1677 10
153 1605 222 1672 ἐστι
244 1600 283 1672 τὸ
306 1616 456 1691 σημεῖον,
480 1600 555 1671 ἀλλ’
580 1601 682 1683 έπτός.
723 1601 896 1690 διώρισται
919 1592 983 1671 οῦν
1006 1604 1167 1687 ἐνταῦθα,

151 1715 188 1777 τί
206 1709 268 1797 μὲν
292 1706 310 1778 δ
333 1710 470 1795 κύκλος,
492 1714 528 1776 τί
548 1708 585 1776 δὲ
607 1707 646 1778 τὸ
668 1709 825 1795 κέντρον,
847 1709 903 1776 καὶ
926 1710 964 1776 ἐν
985 1712 1033 1801 τῷ
1055 1707 1166 1800 κύκλμ

152 1821 189 1882 τί
207 1814 269 1901 μὲν
292 1812 313 1901 ἡ
337 1815 541 1900 περιφέρεια,
563 1820 599 1882 τί
619 1814 657 1883 δδ
678 1812 717 1883 τὸ
741 1814 823 1883 ὅλον
842 1818 960 1903 σχῆμα,
995 1813 1115 1901 λάβοις
1131 1810 1165 1883 δ’

153 1916 198 1987 ἂν
226 1921 262 1988 έιι
288 1919 419 1988 τούτων
448 1917 657 2007 άναδραμοὶν
688 1921 741 1988 ἐπὶ
772 1919 813 1988 τδι
845 1924 1097 2009 παραδείγματα
1126 1916 1166 1989 τδ

155 2025 216 2112 μέν
239 2027 379 2112 κέντρον
403 2026 587 2113 ἑκασταχοῦ
609 2025 672 2112 τὴν
691 2027 821 2095 ἑνιαίαν
839 2029 895 2095 καὶ
914 2025 1095 2114 άμέριστον
1111 2026 1166 2092 καὶ

102 2158 136 2207 15
155 2130 300 2219 μόνιμον
323 2130 503 2220 ὑπεροχήν,
525 2130 584 2211 τὰς
607 2130 639 2199 δ’
656 2128 721 2200 άπὸ
739 2136 800 2200 τοῦ
818 2133 960 2218 κέντρου
979 2130 1169 2212 διαστάσεις

152 2237 211 2319 τάς
234 2236 300 2307 άπὸ
324 2243 385 2308 τοῦ
408 2237 484 2320 ένδς
506 2237 675 2325 προόδονς
697 2243 745 2319 είς
766 2243 897 2326 πλῆθος
919 2238 1076 2326 άπειρον,
1105 2236 1168 2325 τὴν

154 2346 191 2414 δὲ
209 2347 425 2435 περιφέρειαν
443 2345 526 2414 κατὰ
543 2344 605 2432 τὴν
625 2343 830 2431 ἐπιστροφὴν
844 2349 912 2413 τῶν
926 2343 1168 2429 προελθόντων

152 2455 350 2539 θεωρήσεις·
390 2449 501 2538 ὥσπερ
526 2451 563 2519 δὲ
587 2453 691 2544 ἐντῷ
719 2450 829 2541 κῦκλφ
859 2448 946 2536 ὁμοῦ
971 2448 1096 2535 πάντα,
1130 2450 1168 2519 τὸ

152 2559 308 2644 κέντρον,
341 2560 379 2625 αί
406 2556 609 2641 διαστάσεις,
641 2554 662 2645 ἡ
690 2559 898 2645 περιφέρεια,
931 2553 1019 2625 οῦτω
1046 2556 1102 2623 καί
1132 2558 1169 2625 ἐν

101 2690 136 2737 20
156 2667 309 2747 ἐκείνοις,
336 2661 424 2748 πλὴν
454 2662 504 2730 ὅτι
528 2661 675 2749 ἀλλαχοῦ
698 2663 760 2748 μὲν
783 2661 820 2729 τὸ
845 2663 984 2748 κέντρον
1008 2665 1169 2747 ἐνταῦθα,

155 2766 302 2855 ἀλλαχοῦ
327 2766 364 2834 δὲ
386 2765 407 2853 ἡ
432 2767 605 2847 διάστασις
626 2770 682 2836 καὶ
705 2765 725 2854 ἡ
749 2771 941 2855 περιφέρεια
966 2766 1090 2855 ὁμοίως
1112 2766 1169 2837 άλ-

156 2878 271 2961 λαχοῦ,
297 2877 365 2942 ἐκεῖ
386 2873 424 2941 δέ
447 2876 484 2942 έν
507 2874 557 2940 ἑνὶ
580 2873 706 2959 πάντα,
729 2870 793 2942 κάν
816 2873 853 2943 τὸ
877 2876 1018 2963 κέντρον
1039 2873 1169 2961 λάβοις,

156 2984 304 3049 ἐνταῦθα
332 2982 456 3065 πάντα,
485 2976 549 3048 κᾶν
577 2978 638 3066 τὴν
671 2980 861 3066 διάστασιν,
895 2982 947 3048 ἐπὶ
979 2980 1101 3067 ταύτης
1130 2980 1169 3050 τὸ

155 3089 296 3174 κέντρον
317 3089 373 3155 καὶ
396 3086 459 3174 τὴν
482 3089 697 3174 περιφέρειαν
721 3084 853 3173 ὁμοίως.

102 3218 136 3267 25
223 3192 411 3281 Διάμετρος
434 3191 471 3260 δδ
495 3195 555 3261 τοῦ
572 3192 700 3261 κύκλου
719 3193 808 3260 ἐστὶν
828 3191 945 3260 εὐθεῖά
964 3218 1013 3271 τις
1032 3192 1088 3260 διὰ
1108 3197 1171 3263 τοῦ

154 3303 297 3386 κέντρου
319 3298 446 3386 ἠγμένη
470 3301 526 3368 καὶ
548 3302 776 3387 περατουμένη
797 3296 851 3387 ἐφ’
871 3298 1008 3383 ἑκάτερα
1025 3308 1067 3365 τα
1086 3301 1170 3387 μέρη

156 3405 222 3474 ὑπὸ
245 3410 304 3491 τῆς
325 3408 386 3472 τοῦ
409 3404 535 3473 κύκλου
552 3412 772 3494 περιφερείας,
796 3406 868 3492 ἥτις
885 3406 941 3473 καὶ
962 3410 1038 3492 δι’χα
1056 3408 1171 3491 τέμνει

156 3512 215 3578 τὸν
238 3510 371 3577 κύκλον.

228 3711 253 3760 B.
272 3702 386 3775 ἔχοντα]
406 3705 455 3761 οἰκ.
470 3705 585 3762 Proclus
603 3725 630 3775 p.
647 3711 705 3774 152,
726 3711 741 3759 2
761 3709 790 3761 et
808 3724 834 3775 p.
851 3712 911 3775 151,
932 3712 965 3760 15
986 3703 1081 3760 ἔθετο.
1146 3714 1173 3761 4.

157 3773 271 3841 ἔλλιψις.
345 3782 370 3831 6.
390 3779 452 3832 δαν.
527 3782 551 3831 7.
572 3772 714 3846 έλλίφεως.
769 3774 818 3849 αῖ]
835 3794 888 3832 om.
947 3783 999 3832 λλ.
1019 3773 1085 3849 τήν]
1100 3792 1173 3834 corr.

63 3836 234 3991 Ὶωὴ,
309 3853 351 3901 27.
371 3842 441 3919 ῦπό]
462 3864 616 3918 suprascr.
690 3853 732 3904 28.
751 3845 870 3902 κύκλων.
