2414 4236
238 530 396 584 scflom
412 533 453 583 m
468 530 746 584 mmmmm!
763 532 937 585 LIBRUML
1026 530 1088 596 101

73 669 245 751 ἰσοσκελὲς
266 666 289 757 ἢ
313 666 527 760 όρθογῶνιόν
550 674 641 741 ἔστιν
663 666 685 758 ἢ
706 669 947 759 ἀμβλυγώνιον
970 668 992 759 ἢ
1016 669 1092 753 ὀξυ·

72 776 303 863 γόνιον,’καλ
331 775 370 845 τὸ
399 777 568 866 σκαληνὸν
596 775 755 856 ὡσαύτως
776 776 838 864 τὴν
862 777 1002 866 τρισσὴν
1026 783 1092 865 ἔχει

73 880 199 969 ταύτην
222 883 403 971 διαφοράν.
448 888 481 952 εἰ
503 876 569 952 ούν
594 887 699 953 ταῦτα
726 883 788 971 μὲν
815 887 950 970 τριχῶς,
982 881 1023 953 τὰ
1055 883 1093 953 δὲ

75 989 258 1075 ἰσόπλευρα
292 992 464 1076 μοναχῶς,
496 988 577 1060 ἑπτὰ
608 989 648 1058 τδι
681 989 791 1058 πάντα
820 999 889 1058 τῶν
916 988 1092 1076 τριγώνων

74 1098 149 1182 εἰδη
161 1096 323 1181 λεγέσθω.
355 1094 475 1182 λάβοις
487 1093 520 1164 δ’
537 1092 580 1164 ἀν
598 1097 654 1164 καὶ
667 1095 750 1165 κατὰ
768 1094 831 1183 τὴν
849 1099 916 1164 τῶν
937 1100 1092 1181 πλευρῶν
1110 1117 1128 1167 σ

72 1205 243 1289 διαίρεσιν
263 1200 328 1288 τὴν
350 1211 419 1271 τῶν
436 1201 612 1289 τριγῶνων
630 1201 716 1289 πρὸς
734 1202 774 1271 τὰ
794 1201 877 1271 ὄντα
895 1200 1093 1287 ἀναλογίαν·

71 1308 111 1376 τδ
125 1307 189 1394 μὲν
202 1305 268 1394 γάρ
283 1307 488 1398 ἰσόπλευρον
500 1312 584 1377 κατὰ
597 1308 708 1377 πάντα
723 1307 849 1396 ἰσότητι
864 1309 920 1377 καί
934 1305 1094 1393 ἁπλότητι

72 1414 307 1501 κρατούμενον
328 1415 487 1500 συγγενίς
506 1418 575 1483 ἐστι
593 1429 666 1494 ταῖς
683 1420 794 1494 θείαις
811 1427 948 1502 ψυχαῖς·
971 1414 1094 1501 μέτρον

72 1518 141 1606 γύρ
157 1520 226 1587 ίστι
240 1520 299 1588 καὶ
314 1523 384 1590 τῶν
403 1518 532 1590 ἀνίσων
553 1517 575 1608 ἡ
595 1520 719 1608 ἰσότης,
738 1518 850 1607 ῶσπερ
868 1520 925 1588 καὶ
942 1519 980 1588 τὸ
996 1529 1094 1590 θεῖον

74 1624 216 1695 πάντων
236 1630 307 1695 τῶν
327 1628 503 1714 δευτέρων.
540 1626 578 1696 τὸ
597 1626 636 1696 δὲ
655 1627 823 1707 ἰσοσκελὲς
840 1640 911 1706 τοῖς
928 1632 1094 1715 κρείττοσι
1114 1648 1148 1699 10

74 1732 188 1818 γένεσι
215 1744 286 1812 τοῖς
310 1732 561 1802 κατευθύνουσι
590 1731 652 1820 τὴν
679 1739 804 1802 ἔναλον
829 1733 951 1819 φύσιν,
981 1725 1029 1802 ῶν
1055 1732 1094 1802 τὸ
1190 1762 1197 1776 ·

73 1838 137 1927 μὲν
159 1839 263 1907 πλέον
283 1839 484 1927 κεκρότηται
506 1843 552 1931 τῶ
577 1842 696 1932 μέτρω,
718 1838 758 1908 τά
782 1838 819 1909 δὲ
841 1846 1014 1909 τελευταῖα
1035 1843 1095 1925 τῆς

74 1942 274 2032 ἀνισότητος
305 1947 487 2034 ἐφάπτεται
517 1946 574 2013 καὶ
605 1950 664 2032 τῆς
691 1943 847 2034 ἀμετρίας
873 1950 932 2033 της
961 1943 1093 2031 ὑλικῆς·

75 2050 133 2119 καί
153 2048 218 2140 γάρ
240 2055 312 2119 τῶν
335 2055 518 2121 ἰσοσκελῶν
542 2054 580 2118 αἰ
600 2050 662 2137 μὲν
686 2053 751 2120 δύο
775 2060 860 2139 ίσαι,
890 2049 911 2137 ἡ
936 2051 974 2120 δὲ
998 2050 1095 2136 βάσις

74 2155 202 2236 ἄνισος.
256 2155 294 2224 τὸ
329 2155 367 2225 δὲ
398 2155 570 2244 σκαληνὸν
600 2171 674 2237 ταῖς
705 2170 875 2244 μερισταῑς
907 2163 1019 2242 ζωαῑς,
1057 2161 1096 2223 αἲ
1113 2179 1146 2229 16

73 2260 290 2351 πανταχόθεν
308 2262 518 2350 χωλεύονσιν
536 2264 593 2331 καὶ
611 2263 794 2345 σιτίζουσιν
816 2266 863 2342 εἰς
881 2259 943 2348 τὴν
962 2263 1094 2348 γένεσιν

74 2368 258 2459 φερόμεναι
280 2369 337 2438 καὶ
360 2368 655 2458 ἀναπιμπλάμεναι
679 2373 738 2455 τῆς
760 2365 853 2455 ὕλης.

148 2481 225 2546 Τῶν
253 2475 291 2546 δὲ
316 2475 570 2563 τετραπλεύρων
596 2476 775 2563 σχημάτων
797 2474 1009 2563 τετράγωνον
1032 2475 1095 2560 μέν

75 2585 184 2669 ἐστιν,
207 2579 228 2651 ὅ
252 2585 343 2652 ἐστιν
366 2581 570 2670 ἰσόπλευρόν
592 2608 627 2651 τε
650 2582 707 2650 καὶ
730 2577 963 2668 όρθογῶνιον,
986 2580 1095 2665 ἑτερό-

72 2714 176 2777 μηκες
191 2690 240 2773 δέ,
258 2685 277 2758 δ
292 2687 507 2775 ὀρθογώνιον
522 2691 596 2775 μέν,
614 2686 677 2757 ούκ
691 2687 893 2775 ἰσόπλευρον
904 2689 952 2773 δέ,
967 2686 1094 2775 βόμβος
1112 2709 1147 2760 ευ

73 2794 113 2864 δὲ
129 2793 169 2864 τὸ
193 2794 395 2882 ἰσόπλευρον
414 2798 486 2883 μέν,
509 2791 572 2863 αύιι
591 2793 807 2881 όρθογῶνιον
828 2796 875 2880 δέ,
899 2794 1094 2882 ῥομβοειδὲς

74 2899 113 2970 δὲ
144 2898 185 2969 τδ
216 2900 275 2981 τὰς
308 2900 510 2971 ἀπεναντίον
536 2900 683 2988 πλευράς
708 2926 744 2970 τε
775 2902 832 2970 καὶ
862 2906 988 2987 γωνίας
1020 2909 1095 2980 ίσας

73 3003 236 3094 ἀλλήλαις
259 3013 351 3096 ἕχον,
379 3006 457 3076 οὔτε
480 3006 519 3075 δὲ
542 3006 744 3094 ἰσόπλευρον
767 3006 844 3075 ούτε
867 3004 1094 3091 ὀρθογῶνιον,

73 3108 115 3180 τὰ
139 3110 178 3181 δὲ
200 3109 290 3200 παρά
313 3117 419 3182 ταῦτα
440 3112 666 3199 τετράπλευρα
687 3115 842 3198 τραπέζια
863 3117 1042 3179 καλείσθω.

142 3216 206 3305 ίίχν
227 3222 298 3287 τῶν
316 3218 570 3307 τετραπλεύρων
589 3222 754 3303 διαίρεσιν
774 3223 821 3298 εἰς
839 3215 903 3286 δύο
921 3225 1093 3285 ποιεῖσθαι
1111 3239 1146 3292 οε

75 3321 140 3411 χρὴ
161 3321 226 3411 τὴν
248 3323 386 3412 πρῶτην
409 3325 465 3393 καλ
487 3323 528 3392 τδι
552 3323 613 3413 μὲν
633 3321 746 3393 αὐτῶν
764 3322 1094 3411 παραλληλόγραμμα

73 3430 197 3516 λέγειν,
214 3429 256 3499 τά
275 3429 308 3515 δ’
326 3428 369 3501 ού
382 3430 723 3519 παραλληλόγραμμα,
741 3435 810 3500 τῶν
830 3429 867 3498 δὲ
885 3436 1094 3516 παραλληλο-

73 3534 240 3624 γράμμων
261 3536 304 3607 τὰ
327 3535 390 3625 μὲν
407 3537 465 3604 καὶ
484 3535 680 3624 όρθογῶνια
698 3538 754 3605 καλ
773 3535 966 3623 ἰσόπλευρα,
990 3534 1035 3616 ῶς
1053 3534 1093 3603 τδι

72 3639 280 3729 τετράγωνα,
293 3641 335 3711 τὰ
351 3643 388 3710 δὲ
402 3641 562 3733 ούδέτερα
575 3642 715 3729 τούτων,
730 3639 772 3724 ῶς
785 3642 826 3710 τὰ
842 3645 1034 3731 βομβοειδῆ,
1052 3640 1093 3710 τά

74 3870 82 3883 ι
151 3806 176 3856 8.
197 3797 267 3875 ἐστι]
288 3799 343 3857 ἐπί.
409 3809 434 3858 9.
452 3798 483 3874 ἡ]
504 3818 658 3872 suprascr.
721 3797 815 3874 ἰσότης
834 3796 946 3880 ῶσπερλ
965 3824 1029 3877 -της
1047 3797 1104 3859 δεο-

71 3888 105 3929 111
123 3886 180 3929 ras.
198 3890 234 3928 m.
256 3882 280 3928 1.
354 3878 395 3928 10.
414 3875 540 3943 κρίττοσι.
