2414 4236
237 519 394 572 SCHOLIA
411 521 449 573 IN
467 519 743 572 ELEMENTORUM
760 521 899 572 LIBRUM
913 521 945 574 X.
1031 519 1098 585 487

81 663 142 747 τῆς
168 662 362 765 παραβολῆς
389 670 458 728 τῶν
480 663 523 727 ιἰδ
550 657 710 745 μονάδων
741 660 797 727 καὶ
824 664 893 729 τῶν
922 660 1002 729 δέκα
1028 662 1098 730 έοτλ

81 770 212 853 μοιράν
235 770 257 851 β
279 767 336 833 καὶ
359 768 488 834 λεπτῶν
508 769 563 852 ιἰδ,
586 771 646 834 καί
664 770 731 834 ελσι
752 768 857 834 ταῦτα
879 766 917 835 τὸ
937 772 1005 835 ΒΓ
1023 766 1098 854 ἤτοι

81 871 120 941 τὸ
147 871 280 951 πλάτος.
330 871 395 940 ελσλ
424 870 462 939 δὲ
493 872 549 939 καὶ
577 871 749 959 σύμμετρα
775 875 879 940 ταῦτα
910 883 983 954 ταῖς
1015 875 1096 942 δέκα

81 978 229 1065 μονάσιν
256 978 510 1066 ἐκβαλλομένων
537 975 590 1047 άεὶ
617 981 685 1048 τῶν
714 978 901 1047 ἐλαττόνων
929 977 994 1047 άπὸ
1024 983 1093 1048 τῶν

81 1085 253 1171 μειζόνων.
1132 1110 1150 1160 ο

150 1195 222 1260 139.
268 1189 314 1259 Τὸ
338 1197 405 1259 ΒΓ
432 1191 557 1272 πλάτος
586 1182 609 1277 β
637 1197 695 1278 ιἰδ,
732 1186 754 1258 ἃ
786 1193 1094 1279 παραβαλλομένων

81 1305 151 1365 τῶν
168 1301 211 1365 ιἰδ
229 1296 388 1384 μονάδων
404 1300 466 1366 τοῦ
481 1303 550 1365 ΑΓ
567 1302 693 1385 χωρίου
710 1296 928 1383 έκβάλλονται
941 1304 964 1384 β
977 1310 1093 1385 μολραι

79 1403 136 1469 καὶ
158 1401 260 1471 λεπτά
281 1408 331 1471 ιἰδ.

149 1513 224 1578 140.
251 1507 360 1578 Ἔστω
379 1506 400 1597 ἡ
416 1517 482 1578 ΑΒ
502 1510 726 1596 δωδεκάπονς,
749 1507 770 1597 ἡ
791 1510 829 1579 δὲ
842 1516 908 1579 ΒΓ
927 1508 1094 1591 ὀκτάποος

81 1614 263 1706 σύμμετροι
290 1614 450 1702 δηλονότι
478 1609 578 1685 οὖσαι
605 1616 714 1704 μήκει
751 1615 869 1686 κοινὸν
891 1616 956 1705 γάρ
980 1613 1093 1685 αὐτῶν
1114 1640 1149 1690 10

79 1719 248 1810 μέτρον
230 1750 251 1809 η
280 1726 413 1804 δίπους·
451 1724 502 1804 δὶς
529 1725 593 1810 γάρ
621 1725 815 1812 τέσσαρα·
793 1750 813 1810 η
841 1723 897 1790 καλ
925 1724 1022 1804 δλς
1006 1743 1025 1795 ς
1049 1730 1093 1809 ιβ

81 1831 189 1915 δῆλον
212 1829 317 1915 δή,“
297 1856 349 1896 οτι
372 1828 410 1897 τὸ
434 1836 504 1898 ΑΓ
528 1832 685 1899 έοτιν-
641 1849 696 1917 ος·
735 1827 868 1909 ὀκτάκις
889 1828 955 1917 γὰρ
979 1834 1081 1917 ιβ’
1038 1852 1141 1917 ος

77 1935 117 2004 τὸ
141 1930 221 2004 δὲ’
201 1933 268 2003 απὸ
291 1939 351 2022 τῆς
373 1942 440 2003 ΑΒ
462 1939 522 2022 τῆς
546 1935 783 2019 δωδεκάποδος
805 1939 885 2025 ρ’μδ·
910 1936 1094 2016 δωδεκάκις

78 2039 144 2128 γὰρ
167 2040 208 2109 τά
231 2046 265 2126 ιβ
288 2045 364 2128 ρμδ.
409 2040 542 2129 βητά”
521 2069 588 2129 αρα
612 2041 725 2111 καλ
690 2069 731 2112 τα
754 2049 835 2130 ΑΓ,
858 2041 978 2111 ΑΔ”
955 2070 1031 2130 ητοι
1055 2043 1093 2112 τὸ

79 2150 147 2234 ρ’μδ
161 2146 269 2215 καὶτὸ
283 2148 333 2236 (ῖς
362 2146 445 2235 ῥητά
461 2141 535 2234 οὖν,
554 2146 605 2217 ὅτι
618 2149 676 2217 καὶ
689 2149 873 2237 σύμμετρα·
892 2155 1092 2237 μετροῦνται
1112 2171 1146 2220 ιο

77 2252 144 2341 γάρ
167 2263 213 2344 τῷ
237 2249 328 2346 αὐτῷ
350 2261 461 2347 χωρίῳ
485 2260 531 2348 τῷ
555 2261 584 2327 ξ.
621 2253 728 2343 ὁγὰρ
751 2260 771 2326 ξ
794 2255 874 2342 μετὰ
898 2255 961 2343 μὲν
978 2260 1041 2325 τοῦ
1060 2260 1093 2328 t}

76 2375 192 2449 μετρεῖ
210 2360 271 2431 τὸν
294 2365 347 2451 οἷς,
370 2362 451 2450 μετὰ
476 2363 512 2430 δὲ
534 2366 603 2430 τῶν
624 2366 668 2430 ιἰδ
690 2360 728 2430 τὸ
753 2366 828 2450 ρμδ.

146 2471 218 2538 141.
240 2469 359 2558 Ῥητόν
374 2472 477 2557 ἐστιν,
493 2466 511 2538 δ
525 2468 609 2536 κατά
622 2495 699 2538 τινα
712 2468 923 2556 γινώσκομεν
938 2466 1090 2556 άριβμὸν

75 2571 160 2661 πρὸς
182 2573 220 2643 τὸ
244 2579 284 2665 τῇ
307 2576 403 2644 θέσει
425 2576 559 2663 μέτρον,
584 2570 659 2644 οἷον
683 2580 714 2643 εἰ
736 2572 781 2656 ὡς
799 2576 920 2663 μέτρον
938 2572 1090 2664 ὑποτεθῇ

73 2677 158 2766 ἡμῖν
180 2678 201 2768 ἡ
225 2681 401 2769 παλαιστή,
423 2679 461 2751 τὸ
486 2685 519 2753 a}
541 2685 733 2751 παλαιστῶν
757 2680 860 2768 ῥητόν
880 2683 980 2769 ἐστιν,
1004 2686 1035 2749 ελ
1053 2682 1090 2750 δέ
1109 2702 1145 2754 2⁰

75 2784 96 2855 ὁ
116 2786 279 2868 δάκτυλος
298 2785 342 2869 ὡς
361 2789 483 2876 μέτρον
501 2800 617 2874 κειται,
635 2786 673 2857 τὸ
689 2788 838 2856 δέκακαὶ
852 2790 885 2870 ἓξ
903 2789 1088 2872 δακτύλων,

74 2896 107 2961 ελ
129 2890 201 2962 δ’ὁ
225 2899 333 2983 πῆχυς
354 2891 376 2982 ἢ
401 2892 419 2963 ὁ
442 2899 538 2980 ποῦς,
560 2893 598 2963 τὸ
621 2898 657 2964 ἶς’
678 2895 812 2982 πήχεων
834 2890 855 2980 ἢ
879 2899 996 2964 ποδῶν
1018 2897 1088 2963 ἐστι

72 2999 188 3087 ῥητόν.

144 3109 216 3175 142.
243 3104 352 3176 Ἔστω
375 3105 412 3175 τὸ
432 3112 501 3175 ΑΓ
520 3110 636 3175 ποδῶν
653 3111 708 3194 ιἰδ,
730 3134 752 3193 η
777 3106 815 3175 δὲ
832 3114 899 3175 AB
922 3110 1088 3192 ποδωνξ,

71 3212 129 3280 καλ
152 3212 402 3301 παραβληθήτω
424 3213 465 3283 τά
488 3213 576 3282 ιἰδ”
553 3241 628 3301 ητοι
652 3213 845 3303 μερισθήτω
867 3210 958 3320 παρὰ
981 3211 1021 3280 τὰ
1044 3215 1087 3295 ἓξ.
1105 3234 1142 3283 τε

72 3317 205 3387 ἔσται”
184 3345 250 3405 αρα
263 3346 302 3388 το
287 3318 353 3389 ἐκ
366 3330 425 3408 τῆς
439 3326 632 3410 παραβολῆς
645 3312 770 3401 πλάτος
782 3325 900 3389 ποδων
914 3310 990 3388 δέ
975 3320 1088 3388 λοτέον

73 3424 158 3509 δέ,“
138 3450 189 3492 οτι
203 3424 327 3506 πλάτος
340 3425 515 3514 λέγεται
482 3454 519 3495 το
535 3424 694 3514 έπιλαχὸν
708 3424 845 3518 ἑκάστω,
862 3419 913 3506 οἷς
924 3427 1086 3514 ἐμερίσθη

146 3627 204 3675 ιιι.
224 3619 273 3674 Vb
366 3627 425 3676 140.
445 3621 544 3691 ιμ’.)
636 3620 814 3690 141.q(P²).
903 3621 1086 3692 142.q(P²);

70 3688 288 3760 εἰςτὰκόΡ.

143 3869 409 3941 κκῆωωῑ
