2414 4236
206 491 363 545 scflom
381 494 420 545 m
438 493 712 547 ELEMENTORUM
730 496 869 547 ωοουπ
883 497 932 548 111.
1006 491 1071 559 265

57 630 143 701 οὐδὲ
169 634 269 701 τοῦτο
299 631 336 700 δὲ
363 629 544 701 ὑπόκειται.
589 638 703 720 ἔγγιον
731 633 797 723 ἀρα
825 632 846 721 ἡ
871 641 936 703 ΖΕ
959 638 1021 704 τοῦ
1044 642 1072 704 Θ

54 737 142 827 ἥπερ
164 734 185 824 ἡ
211 743 282 806 ΕΒ.
329 736 411 825 ἡδὲ
433 746 507 808 ΗΕ
530 743 570 828 τῇ
594 746 656 807 ΕΒ
685 747 741 826 ίση
769 745 860 809 έστω.
908 748 984 810 ίσον
1007 740 1072 826 ἀρα

54 843 222 933 ἀφεστᾶσι
245 848 307 912 τοῦ
330 852 370 913 Θ·
401 853 476 913 ἴσον
500 845 565 932 γάρ
588 847 634 933 μὴ
657 841 849 932 ἀφεστῶσαι
872 844 989 915 ἀνισοί
1008 851 1073 915 είσι

55 948 175 1018 διὰτὸ
202 950 238 1032 ζ’·
267 947 349 1038 ὅπερ
373 954 441 1019 ἔδει
465 952 578 1031 δεῖξαι.

416 1147 473 1212 Ad
496 1169 601 1232 prop.
624 1148 716 1214 VIII.
1108 1172 1124 1222 τ

129 1272 178 1336 18.
220 1267 364 1355 κυρτήν]
399 1267 515 1354 Κυρτη
545 1270 739 1355 περιφέρεια
767 1271 895 1356 λέγεται
918 1296 956 1338 το
980 1271 1073 1353 ἐκτὸς

53 1378 119 1445 τοῦ
141 1372 276 1443 κύκλου.
1094 1468 1097 1475 Ι

128 1483 176 1548 19.
211 1476 259 1548 Ἢ
281 1480 337 1547 καί
365 1477 481 1561 οὕτως·
524 1485 660 1567 μεγίστη
690 1482 751 1568 μέν
780 1485 848 1551 ἐστι
877 1480 898 1570 ἡ
927 1483 984 1551 διὰ
1012 1488 1072 1553 τοῦ

55 1588 214 1673 κέντρου,
246 1589 314 1655 τῶν
347 1586 384 1653 δέ
417 1584 529 1654 ἄλλων
557 1587 610 1655 ἀεὶ
638 1585 659 1673 ἡ
692 1592 807 1674 ἔγγιον
839 1593 897 1675 τῆς
929 1587 986 1657 διὰ
1012 1595 1073 1659 τοῦ

55 1695 200 1780 κέντρου
222 1695 280 1780 τῆς
303 1690 462 1779 ἀπωτέρω
486 1698 606 1779 μείζων
630 1695 714 1779 ἐστί,
741 1697 812 1763 τῶν
839 1694 877 1763 δὲ
903 1696 988 1783 πρὸς
1009 1695 1072 1783 τὴν
1092 1720 1127 1767 10

56 1825 186 1888 κυρτην
208 1798 425 1886 περιφέρειαν
447 1804 731 1886 προσπιπτουσῶν
753 1798 900 1869 εὐθειῶν
919 1803 1073 1890 έλαχίστη

56 1906 120 1995 μέν
143 1906 213 1974 ἐστι
236 1902 256 1991 ἡ
281 1904 403 1991 μεταξύ
426 1909 486 1974 τοῦ
509 1932 544 1974 τε
568 1912 708 1994 σημείου
730 1907 863 1995 καὶτῆς
882 1910 1073 1996 διαμέτρου,

56 2009 111 2081 ἀεὶ
139 2011 177 2080 δὲ
205 2008 226 2098 ἡ
256 2015 369 2097 ἔγγιον
396 2014 455 2097 τῆς
485 2014 657 2099 ἐλαχίστης
688 2024 747 2100 τῆς
778 2012 953 2101 ἀπώτερόν
983 2018 1074 2085 ἐστιν

59 2117 216 2203 έλάττων,
241 2116 304 2185 δύο
329 2116 367 2185 δὲ
385 2119 486 2204 μόναι
509 2118 565 2184 καί
584 2120 714 2205 ἑφεξῆς·
737 2121 793 2187 καί
811 2128 970 2208 κρείττων
989 2120 1073 2209 αὕτη

58 2223 226 2313 mom
437 2314 494 2378 Ad
517 2336 611 2399 prop
644 2313 690 2381 IX
1094 2250 1128 2300 1⁵

125 2441 178 2506 20.
210 2440 255 2506 Εί
273 2434 337 2523 γάρ
357 2435 401 2523 μὴ
422 2440 469 2515 είς
487 2440 524 2505 τὸ
543 2446 575 2503 Δ
598 2449 749 2522 σημείου,
773 2432 854 2523 ὅπερ
874 2435 944 2504 ἐστί
961 2437 1075 2519 κοινὸς

60 2542 160 2624 τόπος
181 2547 240 2631 τῆς
263 2549 336 2610 ΗΚ
358 2543 413 2610 καί
437 2549 512 2627 ΘΛ,
537 2544 606 2610 ἐστι
629 2543 666 2611 τὸ
691 2543 842 2629 κέντρον,
866 2540 930 2611 δύο
954 2543 1074 2631 κέντρα

60 2655 192 2718 ἔσονται
225 2653 287 2718 τοῦ
319 2648 395 2729 ἑνὸς
422 2649 561 2717 κύκλου·
607 2659 735 2736 είρηται
763 2647 843 2736 γάρ,
876 2649 927 2718 ὅτι
954 2650 1009 2718 καί
1038 2651 1075 2718 έν

60 2760 99 2844 τῇ
124 2762 199 2823 HK
224 2756 279 2823 καί
306 2757 344 2824 ἐν
372 2760 412 2844 τῇ
441 2763 504 2824 ΘΛ
533 2758 602 2825 έστι
629 2759 668 2824 τὸ
692 2758 841 2842 κέντρον.
886 2761 918 2824 εί
939 2756 1005 2842 γὰρ
1029 2782 1073 2842 μη
1094 2780 1129 2828 10

63 2862 99 2927 ἐν
119 2864 163 2945 τῷ
184 2870 216 2928 Δ
236 2867 370 2952 σημείῳ,
395 2859 468 2929 ἀλλ’
490 2864 526 2930 ἐν
546 2860 635 2954 ἄλλῳ
654 2861 745 2955 τόπφ
763 2866 823 2949 τῆς
838 2868 922 2946 ΗΚ,
946 2861 1075 2950 δηλαδὴ

62 2967 118 3033 καὶ
142 2969 178 3034 ἐν
201 2964 290 3059 ἀλλφ
314 2972 372 3055 τῆς
395 2974 475 3053 ΘΛ,
498 2969 553 3035 καὶ
577 2973 711 3037 ἔσονται
734 2967 798 3036 δύο
822 2968 954 3054 κέντρα·
993 2965 1074 3056 ὅπερ

60 3069 240 3140 ἀδύνατον.

447 3164 504 3229 Ad
528 3186 629 3250 prop.
652 3164 691 3230 X.

128 3289 179 3353 21.
213 3284 348 3367 Κύκλος
366 3285 493 3354 κύκλον
512 3283 553 3354 οὐ
573 3287 683 3372 τέμνει
701 3284 783 3354 κατὰ
803 3292 942 3356 πλείονα
955 3299 1075 3373 σημεῖα
1094 3317 1130 3367 25

60 3388 179 3477 ἢδύο.
226 3395 257 3459 εί
279 3391 342 3479 γὰρ
373 3391 537 3477 δυνατόν,
567 3390 630 3460 δύο
657 3390 775 3460 κύκλοι
804 3395 839 3461 οί
864 3390 1078 3479 ἀποκείμενοι

134 3523 175 3571 18.
196 3534 222 3585 q.
303 3522 343 3573 19
363 3517 447 3586 p(de
467 3517 606 3586 scriptura
624 3515 730 3571 codicis
749 3532 776 3570 u.
794 3520 852 3572 not.
872 3516 954 3586 erit).
1032 3521 1075 3571 20

60 3586 86 3639 A
105 3586 220 3655 (Coisl).
306 3594 350 3642 21
369 3587 506 3657 B(restit
506 3587 566 3643 utio
584 3587 736 3643 admodum
753 3587 874 3657 incerta,
897 3588 964 3657 quia
988 3586 1076 3643 etiam

60 3656 151 3725 figura
62 3660 302 3751 —corrupta
320 3659 381 3728 est).

137 3771 160 3818 1.
186 3762 236 3836 oi]
223 3764 310 3836 ]0.m
329 3764 450 3820 Fssvat.
556 3782 653 3833 τιον
671 3762 763 3819 PVaI
853 3769 878 3818 2.
903 3757 1027 3835 ἔστα]”
973 3763 1074 3835 ]ωοτε

60 3833 210 3890 PBFVat.
284 3782 1004 3909 MpmoeowBFyaI4³13}messme
