2414 4236
224 528 381 581 SCHOLIA
399 529 438 580 IN
456 529 731 582 ELEMENTORUM
749 530 888 583 LIBRUM
900 533 948 587 vl.
1027 530 1093 596 359

74 667 160 756 πρὸς
172 665 235 761 τήν
249 669 465 754 περιφέρειαν
483 669 539 736 καί
552 667 614 754 τήν
629 673 757 754 γωνίαν
776 671 859 756 πρὸς
872 671 936 758 τήν
950 676 1093 758 γωνίαν,

74 775 191 862 ἕτερον
215 773 253 842 δέ
275 775 331 842 καὶ
355 776 478 863 ἕτερον.

142 884 193 949 66.
223 878 438 969 Ἀπορήσειεν
460 879 504 948 ἄν
525 906 590 964 τις,
616 879 727 948 πόθεν
751 883 872 967 δῆλον,
901 881 962 968 ὡς,
987 881 1091 971 έὰνή

73 987 268 1074 περιφέρεια
291 991 331 1075 τῇ
354 987 549 1075 περιφερείᾳ
573 993 640 1072 ἴση,
664 986 720 1054 καὶ
744 984 762 1055 ὁ
785 985 905 1073 νομεὺς
922 991 969 1081 τῷ
987 1002 1092 1075 τομεῖ,

73 1093 130 1161 καὶ
153 1096 185 1160 εί
206 1097 338 1178 μείζων,
361 1097 497 1179 μείζων,
520 1092 576 1159 καὶ
599 1096 630 1160 εί
651 1091 814 1178 ἐλάττων,
838 1094 992 1162 ἐλάττων.
1040 1093 1093 1164 ὅτι
1129 1112 1146 1164 σ

73 1199 148 1285 μέν,
173 1196 234 1265 έδιν
253 1195 273 1284 ή
293 1198 487 1286 περιφέρεια
506 1206 561 1283 ἴση
581 1201 621 1286 τή
639 1204 844 1289 περιφερείᾳ,
867 1201 923 1267 καὶ
938 1197 956 1269 ὁ
971 1199 1093 1289 νομεὺς

73 1307 120 1397 τῷ
144 1317 242 1391 τομεῖ
262 1312 349 1390 ίσος,
374 1304 538 1371 δέδεικται
562 1302 663 1372 οὕτω·
700 1310 827 1375 κείσθω
849 1310 891 1395 τή
914 1314 981 1375 ΒΛ
1002 1333 1092 1393 περι-

74 1415 194 1500 φερείᾳ
217 1417 272 1495 ίση
296 1407 317 1495 ή
341 1416 426 1495 ΕΝ,
458 1409 515 1477 καὶ
540 1408 637 1497 ήχθω
665 1409 783 1480 εὐθεῖα
810 1409 960 1482 ἀπὸτοῦ
983 1421 1011 1481 Β
1039 1416 1092 1482 ε’πὶ

72 1514 111 1584 τὸ
137 1522 169 1583 Λ
195 1517 250 1584 καὶ
278 1512 344 1584 ἄπο
371 1526 433 1584 τοῦ
457 1523 489 1583 Ε
515 1516 567 1584 ἐπὶ
595 1514 633 1583 τὸ
658 1523 702 1584 Ν.
736 1518 803 1611 ,καὶ
826 1519 896 1587 έπεί
920 1521 956 1587 οί
974 1519 1091 1589 κύκλοι

73 1629 155 1708 ίσοι,
179 1628 249 1689 ίσαι
273 1622 337 1689 είσὶ
360 1621 416 1688 καὶ
440 1624 478 1689 αί
499 1627 583 1708 ΒΗ,
603 1628 674 1689 ΗΛ
696 1634 769 1703 ταῖς
792 1630 865 1710 ΕΘ,
884 1631 961 1693 ΘΝ.
1008 1622 1092 1694 ἀλλὰ
1111 1643 1146 1693 10

73 1728 130 1795 καί
153 1732 260 1814 γωνία
282 1725 304 1814 ή
327 1725 394 1795 υπὸ
418 1734 524 1795 ΒΗΛ
546 1732 653 1818 γωνίᾳ
675 1732 716 1817 τῇ
739 1727 805 1798 ὑπὸ
830 1738 936 1799 ΕΘΝ
956 1739 1010 1818 ἴση
1035 1731 1091 1800 διὰ

72 1835 111 1903 τδ
134 1835 184 1917 κζ’
207 1837 270 1903 τοῦ
292 1833 336 1921 γ’·
372 1835 428 1901 καὶ
451 1830 472 1920 ή
496 1832 594 1919 βάσις
617 1832 683 1923 ἄρα
705 1839 745 1925 τή
769 1835 865 1922 βάσει
888 1844 961 1923 ίση,
984 1835 1092 1924 ἤγουν

73 1938 95 2028 ή
121 1947 186 2008 ΒΛ
215 1943 255 2029 τῇ
279 1946 364 2023 ΕΝ,
396 1939 452 2007 καὶ
479 1937 518 2007 τὸ
546 1945 713 2025 τρίγωνον
742 1946 788 2033 τῷ
820 1942 973 2035 τριγώνῳ
1008 1952 1092 2014 ίσον.

73 2044 224 2113 δυνατὸν
249 2045 286 2114 δὲ
308 2046 363 2113 καὶ
387 2043 453 2114 ἀπὸ
477 2048 535 2132 τής
558 2046 711 2133 ίσότήτος
737 2050 807 2115 τῶν
830 2048 964 2135 βάσεων
987 2053 1092 2133 δεῖξαι

72 2152 130 2220 καὶ
157 2150 217 2231 τὰς
244 2158 370 2238 γωνίας
398 2158 481 2232 ίσας.
527 2152 597 2227 ἐπεὶ
624 2149 688 2238 γὰρ
717 2160 787 2220 ίσαι
815 2156 853 2221 αί
872 2158 1091 2244 περιφέρειαι,
1114 2174 1145 2224 ιο

73 2258 129 2327 καὶ
162 2261 200 2325 αί
229 2255 466 2326 ὑποτείνουσαι
493 2256 615 2337 ταύτας
643 2266 713 2326 ίσαι
741 2257 797 2327 διὰ
820 2257 858 2328 τὸ
880 2261 940 2329 κθ’
964 2266 1025 2330 τοῦ
1048 2262 1091 2349 γ’.

73 2362 160 2431 ἀλλὰ
183 2360 251 2450 μήν
273 2362 330 2430 καί
352 2361 392 2430 τα
410 2361 563 2451 τμήματα
581 2367 650 2432 των
668 2363 802 2433 κύκλων
815 2363 856 2434 τὰ
871 2372 975 2453 ΒΓΑ,
989 2374 1095 2435 ΕΖΝ

75 2466 188 2554 ὅμοια·
226 2471 264 2535 αἱ
288 2466 352 2556 γὰρ
380 2471 418 2538 έν
442 2467 557 2549 αὐτοῖς
579 2475 701 2555 γωνίαι
725 2479 807 2539 ίσαι·
843 2472 898 2541 ἐπὶ
920 2479 1004 2541 ίσων
1026 2472 1091 2559 γὰρ

73 2586 299 2663 περιφερειῶν
321 2575 514 2662 βεβήκασιν.
560 2573 644 2644 ἀλλὰ
672 2574 714 2663 δή
738 2575 794 2644 καὶ
816 2585 873 2645 ίσα
897 2575 954 2646 διδι
975 2577 1013 2646 τὸ
1035 2577 1091 2647 κδ’

73 2685 137 2749 τοῦ
158 2681 201 2770 γ’.
239 2681 298 2751 έδιν
323 2681 360 2750 δέ
383 2695 454 2762 τοῖς
477 2690 564 2763 ίσοις
582 2690 639 2750 ἴσα
656 2686 837 2771 προστεθῇ,
860 2681 900 2751 τὰ
919 2681 981 2752 ὅλα
1000 2684 1091 2752 ἐστὶν
1110 2704 1144 2754 20

73 2795 139 2856 ι’σα.
186 2789 351 2857 δέδεικται
378 2786 461 2876 ἄρα,
494 2786 555 2875 ὡς,
583 2787 644 2857 ἐὰν
672 2787 693 2877 ή
721 2789 916 2877 περιφέρεια
937 2794 978 2879 τῇ
1001 2814 1091 2878 περι-

72 2900 191 2984 φερείᾳ
219 2903 291 2982 ἴση,
322 2896 378 2963 καὶ
407 2892 426 2963 ὁ
453 2894 575 2982 τομεὺς
597 2900 643 2989 τῷ
671 2908 768 2983 τομεῖ
792 2902 873 2976 ίσος.
923 2897 1009 2983 λέγω
1038 2895 1092 2984 δή,

72 2999 127 3068 ὅτι
148 3003 215 3086 καί,
240 2998 300 3069 έδιν
323 3005 444 3087 μείζων
461 3001 484 3088 ἡ
503 3004 698 3091 περιφέρεια
715 3004 773 3088 τής
790 3006 1013 3090 περιφερείας,
1035 3001 1091 3070 καὶ

74 3103 93 3175 ὁ
116 3133 236 3194 τομευς
258 3110 321 3174 τοῦ
343 3107 470 3192 τομέως
493 3113 614 3194 μείζων
637 3113 738 3177 ἔσται.
783 3112 815 3175 εί
835 3105 900 3195 γὰρ
919 3106 976 3194 μή,
1000 3112 1091 3176 ἔσται
1143 3156 1150 3171 .

71 3209 94 3299 ἢ
119 3220 192 3293 ίσος
214 3208 235 3299 ἢ
260 3211 415 3281 ἐλάττων.
459 3218 543 3281 ἔστω
566 3217 701 3299 πρῶτον
724 3221 805 3295 ίσος.
844 3211 902 3281 καὶ
921 3214 991 3282 ἐπεὶ
1008 3211 1145 3298 ὑπό-’τε

71 3344 178 3386 κειται
201 3316 221 3405 ή
246 3325 311 3385 ΒΛ
338 3319 533 3406 περιφέρεια
561 3325 682 3407 μείζων
703 3322 763 3407 τής
786 3325 871 3405 ΕΝ,
898 3317 1090 3408 ἀφῃρήσθω

71 3422 139 3492 ἀπὸ
159 3427 217 3511 τής
238 3430 389 3512 μείζονος
403 3430 615 3513 περιφερείας
627 3429 667 3514 τῇ
682 3424 834 3494 ἐλάττονι
848 3433 918 3512 ίση·
942 3424 1091 3495 δυνατὸν

145 3661 188 3711 66.
207 3655 255 3711 V’.

72 3794 287 3804 ——..-—

145 3874 188 3922 27.
209 3864 333 3924 δυνατὸν
350 3866 416 3942 γάρ]
437 3869 539 3943 scripsi
559 3886 574 3930 ε
594 3867 728 3947 uestigiis
743 3869 932 3943 mmmm
948 3867 1075 3926 οοδῦἶ,
