2414 4236
194 485 351 538 scnom
368 486 407 538 m
424 483 700 538 εοωιωιισοιιοιι
717 483 856 536 mmm
869 485 944 537 xm
1009 481 1074 546 665

60 631 168 714 γωνία
191 635 231 713 τῇ
254 621 320 692 ὑπὸ
343 629 454 691 ΑΓΔ·
487 622 577 710 ὀρθὴ
600 621 665 710 γὰρ
687 623 743 690 καὶ
765 620 787 710 ἡ
809 622 876 691 ὑπο
904 630 1005 691 ΑΔΒ
1028 623 1075 704 ώς

61 735 98 801 ἐν
121 731 306 821 ἡμικυκλίῳ
331 721 425 798 οὑσα.
469 730 526 797 καὶ
553 727 652 816 κοινὴ
674 732 787 814 τώνβ
814 727 990 815 τριγώνων
1012 732 1074 795 τοῦ

60 863 95 906 τε
124 842 223 905 ΑΓΔ
254 836 397 905 καὶτοῦ
424 842 528 904 ΑΔΒ
559 833 581 922 ἡ
608 834 693 922 πρὸς
718 838 765 927 τῷ
793 843 825 902 Α
854 841 970 920 γωνία.
1018 833 1074 902 καλ

61 942 160 1029 λοιπὴ
188 940 255 1028 ἄρα
282 937 304 1027 ἡ
331 938 397 1009 ὑπὸ
421 951 454 1009 Α
463 947 533 1008 ΔΓ
559 944 661 1028 λοιπῇ
687 944 727 1028 τῇ
756 938 822 1008 ὑπὸ
844 947 951 1008 ΑΒΔ
983 941 1074 1009 ἐστιν

63 1057 128 1134 ἴση.
169 1051 201 1115 εί
223 1038 286 1114 οὑν
308 1044 330 1134 ἡ
354 1043 420 1115 ὑπὸ
445 1051 554 1114 ΑΔΓ
572 1051 680 1132 γωνία
701 1048 742 1133 τῇ
765 1042 832 1114 ὑπὸ
856 1051 961 1113 ΑΒΔ
984 1047 1074 1114 ἐστιν
1112 1069 1128 1119 σ

62 1162 135 1240 ἴση,
162 1154 228 1221 είσλ
252 1151 289 1220 δὲ
311 1152 368 1220 καλ
391 1155 430 1218 αί
452 1149 537 1239 πρὸς
558 1155 605 1243 τῷ
629 1157 661 1218 Γ
684 1153 802 1239 ἐφεξῆς
828 1157 950 1239 γωνίαι
973 1149 1075 1238 ὀρθαὶ

61 1260 116 1326 καλ
150 1257 207 1326 ὑιόι
238 1261 338 1326 τοῦτο
371 1266 456 1342 ίσαι,
488 1257 545 1324 καί
570 1256 670 1343 λοιπὴ
703 1255 769 1344 ἄρα
802 1257 824 1344 ἡ
857 1257 942 1344 πρὸς
967 1260 1013 1348 τςό
1044 1266 1076 1324 Α

61 1371 168 1451 γωνία
191 1367 292 1452 λοιπὴ
313 1366 353 1450 τὴ
379 1365 441 1431 τοῦ
464 1368 561 1430 ΓΔΒ
588 1361 765 1450 τριγώνου.
810 1359 982 1449 ιἰνώλογον
1009 1361 1075 1448 ἄρα

62 1472 107 1551 ὡς
129 1471 149 1557 ἡ
175 1474 245 1537 ΑΓ
261 1466 344 1557 πρὸς
366 1466 431 1554 τὴν
454 1472 527 1553 ΓΔ,
551 1465 657 1548 οὑτως
680 1465 701 1553 ἡ
725 1473 788 1536 ΓΔ
810 1467 894 1558 πρὸς
915 1467 979 1557 τὴν
1002 1475 1075 1554 ΓΒ,

62 1577 108 1657 ὡς
131 1578 237 1666 ἐντῷ
261 1572 294 1642 δ’
317 1577 378 1642 τοῦ
403 1572 435 1651 ς’
459 1574 633 1642 δέδεικται.
1096 1599 1129 1649 10

128 1686 181 1750 47.
209 1679 303 1763 Ἥξει
321 1681 378 1748 καλ
396 1676 453 1747 διὰ
470 1683 533 1748 τοῦ
552 1686 584 1746 Β
599 1683 769 1768 p.292‚9]
793 1683 825 1748 εί
840 1678 905 1766 γὰρ
925 1678 987 1768 οὑχ
1005 1677 1076 1766 ἡξει

63 1788 120 1856 διὰ
138 1792 201 1858 τοὺ
214 1794 256 1874 Β,
278 1791 456 1875 συμβαίνει
479 1783 622 1855 ἄτοπον·
645 1783 669 1873 ἡ
690 1784 783 1866 ἐκτὸς
805 1789 913 1872 γωνία
936 1793 992 1873 ἴση
1011 1784 1075 1872 γὰρ

61 1899 102 1983 τῇ
126 1894 220 1975 ἐντὸς
241 1893 298 1962 καὶ
322 1890 525 1961 ἀπεναντίον
547 1896 610 1961 τοῦ
632 1891 810 1980 τριγώνου.

129 2003 183 2070 48.
219 1998 288 2067 Λιόι
309 1997 348 2067 τὸ
373 1998 554 2084 ίσογώνιον
580 2004 758 2085 γίνεσθαι,
765 2024 797 2085 p.
819 2000 899 2084 292,
923 2000 979 2081 11]
1009 2000 1076 2064 ίσο·

62 2104 170 2191 γώνια
192 2108 346 2189 γίνονται
368 2101 408 2170 τὰ
431 2107 579 2190 τρθγωνα
602 2103 659 2171 διὰ
682 2102 720 2172 τὸ
743 2104 776 2176 ς’
799 2108 861 2173 τοῦ
884 2103 927 2176 ς’.
967 2100 1076 2170 πόθεν
1097 2125 1130 2175 1⁶

64 2208 101 2277 δὲ
125 2212 247 2295 δῆλον,
273 2204 325 2277 ὅτι
353 2207 569 2295 ὀρθογωνίου
591 2209 773 2297 γινομένου
794 2214 857 2278 τοῦ
880 2215 982 2277 ΚΕΛ
1009 2234 1076 2294 τρι

62 2313 178 2401 γώνου
203 2311 242 2382 τὸ
271 2313 329 2381 ἐπί
351 2318 411 2401 τῆς
437 2319 506 2383 ΚΛ
535 2313 754 2402 γραφόμενον
780 2311 980 2402 ἡμικύκλιον
1007 2313 1077 2401 ἡξει

66 2419 122 2488 διὰ
145 2424 205 2505 τῆς
226 2417 311 2506 νοὸς
327 2423 373 2513 τῷ
393 2427 427 2488 Ε
446 2417 554 2507 &omis
571 2426 711 2506 νωνίαει
746 2421 768 2507 ἡ
788 2420 851 2508 μὲν
868 2419 933 2508 κᾶν
952 2422 991 2489 ἕν
1003 2418 1076 2508 ἡμι-

63 2532 186 2617 κυκλίῳ
214 2530 322 2611 γωνία
349 2522 440 2612 ὀρθή
467 2528 574 2610 ἐστιν,
606 2523 734 2612 ἄδηλον
763 2529 816 2614 ὀί,
848 2530 879 2595 εί
904 2527 961 2594 καὶ
988 2524 1077 2593 ἀντι-

64 2632 206 2718 στρέφει.
241 2630 351 2717 φαμὲν
367 2622 430 2699 οὑν
445 2631 563 2711 οὑτως·
583 2637 665 2701 ἔστω
679 2638 847 2720 τρίγωνον
861 2629 1076 2718 ὀρθογώνιον
1095 2655 1130 2706 20

62 2735 100 2806 τὸ
124 2742 227 2804 ΑΒΓ
251 2732 364 2824 ὀρθὴν
392 2741 469 2824 ἔχον
494 2739 559 2824 τὴν
581 2734 648 2806 ὑπὸ
672 2743 776 2806 ΑΒΓ
797 2743 935 2824 γωνίαν.
979 2738 1077 2823 λέγω,

64 2841 116 2911 ὅτι
135 2842 173 2911 τό
193 2842 246 2910 ἐπὶ
262 2846 322 2929 τῆς
333 2842 396 2930 τὴν
411 2841 522 2931 ὀρθὴν
535 2848 665 2930 γωνίαν
678 2841 919 2931 ὑποτεινούσης
931 2847 1078 2930 πλευρᾶς

63 2952 122 3034 τὴς
138 2958 171 3016 Α
176 2953 209 3016 Γ
226 2947 444 3036 γραφόμενον
465 2947 666 3037 ἡμικύκλιον
690 2947 748 3016 ὀιόι
770 2952 832 3017 τοῦ
847 2955 876 3016 Β
899 2949 1076 3023 ἐλεύσεται,

63 3060 95 3123 εί
112 3053 176 3142 γὰρ
195 3051 240 3141 μὴ
260 3052 306 3123 δι’
324 3050 430 3123 αὑτοῦ
449 3058 557 3140 ἔλθοι,
577 3061 641 3123 είτε
655 3053 840 3140 ὑπερβαλεῖ
850 3054 983 3134 πάντως
995 3052 1033 3123 τὸ
1048 3062 1077 3122 Β

62 3160 118 3228 καί
146 3157 303 3248 ὑπεράνω
329 3164 392 3247 τῆς
417 3158 501 3249 πρὸς
527 3163 573 3253 τῷ
596 3167 625 3228 Β
653 3157 763 3248 ὀρθῆς
783 3164 908 3248 γωνίας
930 3173 1077 3229 πεσεῖται
1095 3184 1130 3234 25

64 3275 131 3333 είτε
154 3267 297 3347 ἐλλείψει
324 3267 381 3335 καί
403 3279 496 3354 τεμελ
515 3265 574 3346 τὰς
596 3274 678 3352 ΑΒ,
700 3273 767 3335 ΒΓ
790 3265 933 3347 εὐθείας.
977 3264 1076 3355 ὑπερ-

135 3447 177 3495 47.
197 3437 246 3494 Vb,
319 3447 362 3498 48.
382 3439 435 3512 Vb3
455 3443 504 3498 cfr.
523 3460 564 3498 nr.
583 3448 627 3498 45.

136 3605 161 3654 Β.
181 3598 231 3654 καὶ
248 3596 332 3668 λοιπὴ
351 3629 386 3640 -
404 3607 431 3657 4.
449 3601 549 3673 ΑΔΓ]
568 3600 614 3656 bin
633 3601 666 3656 V.
740 3609 765 3657 θ.
784 3602 875 3673 Supra
893 3602 939 3672 ἴση
957 3620 1008 3660 scr.
1026 3600 1076 3658 διὰ

62 3669 94 3726 τὸ
114 3671 163 3726 καὶ
183 3667 235 3727 ίὺν
254 3666 312 3725 ὀπό
332 3671 401 3725 ίοωκ
419 3672 467 3727 ἴσα
489 3671 524 3728 V.
614 3677 640 3730 θ.
663 3672 732 3745 τοῦ]
757 3688 772 3728 ο
795 3687 866 3728 corr.
885 3675 918 3730 V.
1009 3675 1078 3729 Post

67 3747 146 3797 ΓΔΒ
172 3742 261 3798 11itt.
286 3739 342 3797 del.
361 3741 395 3798 V.
487 3748 528 3798 12.
556 3739 628 3815 γάρ]
653 3759 704 3800 ner.
728 3744 854 3813 γίνεταιλ
945 3750 987 3800 18.
1014 3745 1076 3815 τῆς]

62 3815 131 3868 τοῦθ
150 3812 184 3868 V.
257 3812 300 3884 E]
320 3817 350 3867 H
366 3812 400 3867 V⁴
