2414 4236
148 508 213 572 142
299 506 457 561 scflom
475 509 514 560 IN
531 504 808 561 ammom
824 504 1000 559 mum

145 675 183 735 γε
202 644 269 734 ἀήρ
284 649 354 716 έστι
367 645 500 726 πάντας
518 647 629 734 μέσος,
648 641 723 713 ἀλλ’
740 641 844 714 οὐδὲν
858 638 1018 733 ὀμογενλς
1029 640 1166 731 μσταξύ.

146 752 218 823 εἶτα
240 758 443 842 προστίθησι
466 751 504 822 τό
528 752 573 840 μὴ
593 752 646 820 ἐπί
664 750 705 819 τό
724 750 810 821 αὐτὰ
827 750 924 839 μέρη,
944 746 1168 838 ἀποφατιιιός

147 862 263 940 διδοὺς
294 857 376 947 ἡμῖν
410 860 556 945 ἐννοεῖν,
589 856 640 927 ὀτι
673 854 727 944 ἐφ’
753 854 897 942 ἑκάτερα
927 854 1073 943 ληπτέον
1103 853 1167 937 τὰς

146 969 264 1053 ἐφεξῆς
278 970 317 1056 τῇ
335 966 442 1033 θέσει·
465 956 565 1034 αὐται
582 962 648 1051 γόιρ
668 962 874 1051 δυνήσονται
890 962 948 1031 καί
964 958 1027 1041 τάς
1043 960 1167 1051 ἐφεξῆς

112 1077 272 1158 σγωνίας
299 1073 362 1141 δύο
391 1069 512 1157 ὀρθαῖς
539 1078 614 1151 ίσας
639 1085 750 1139 ποιεῖν
776 1068 832 1137 καί
860 1065 912 1137 ἀπ’
941 1064 1080 1149 εὐθείας
1107 1066 1166 1137 ἀλ·

144 1177 261 1264 λη’λαις
280 1184 488 1247 δείκνυσθαι.
524 1182 556 1246 εί
572 1178 637 1264 γὰρ
655 1178 709 1247 έπλ
726 1175 767 1245 τά
785 1172 871 1245 αὐτά
884 1174 968 1263 μέρη
981 1178 1166 1261 πείσονται,

144 1281 182 1351 τὸ
198 1281 250 1351 ἐπ’
267 1282 402 1364 εὐθείας
416 1284 477 1352 οὐκ
492 1288 638 1370 ἔχουσιν,
656 1285 689 1350 εί
704 1282 760 1349 καλ
778 1280 843 1350 δύο
860 1282 1020 1349 ποιοῦσιν
1039 1276 1166 1369 ὀρθαῖς

146 1397 230 1469 ἴσας.
275 1394 421 1458 τοσαῦτα
444 1390 520 1476 περὶ
543 1391 602 1474 τῆς
624 1387 828 1475 προτάσεως·
865 1387 903 1455 ἐν
931 1384 970 1454 δὲ
995 1388 1037 1475 τῇ
1063 1412 1165 1455 πατα-

145 1500 246 1584 σκευη
280 1499 397 1583 χρῆται
429 1496 481 1563 ἑνί
513 1494 668 1581 αίτήματι
699 1497 746 1583 τῷ
785 1494 930 1585 δευτέρῳ
965 1495 1013 1587 τῷ
1048 1496 1165 1562 πᾶσαν

93 1625 126 1674 10
145 1600 284 1669 εὐθεῖαν
296 1602 549 1688 πεπερασμένην
563 1598 613 1670 ἐπ’
626 1598 761 1680 εὐθείας
774 1598 949 1686 ἐκβάλλειν
962 1600 1165 1693 αίτουμένμ,

144 1706 299 1792 καθάπερ
319 1708 357 1774 έν
374 1710 413 1793 τῇ
433 1705 601 1789 ἀποδείξει
623 1710 685 1775 τοῦ
704 1704 770 1792 πρὸ
790 1705 915 1775 τούιου
930 1705 1164 1793 θεωρήματος,

144 1813 200 1880 καὶ
234 1812 334 1879 δυσὶν
367 1809 530 1899 ἀξιώμασι
559 1817 605 1903 τῷ
634 1813 668 1898 β’
692 1811 753 1881 έόιν
781 1819 867 1892 ίσοις
895 1820 952 1881 ίσα
977 1814 1165 1901 προστεθῇ,

144 1919 184 1983 τὰ
204 1917 266 1984 ὅλα
285 1918 375 1985 ἐστὶν
390 1926 458 2002 ίσα,
475 1918 531 1985 καὶ
546 1923 592 2009 τῷ
608 1920 642 2003 γ’
656 1916 715 1987 έόιν
729 1916 794 1987 ἀπὸ
809 1924 893 1986 ίσιον
907 1924 964 1984 ίσα
978 1913 1165 2007 ἀφαιρεθῇ,

145 2019 186 2088 τά
211 2021 311 2089 λοιπά
336 2025 425 2091 ἐστιν
449 2032 520 2105 ίσα,
550 2022 633 2110 πρὸς
656 2023 693 2091 δὲ
716 2022 779 2108 τὴν
802 2027 863 2091 τοῦ
886 2020 1061 2091 ἀδυνάτου
1085 2042 1164 2092 συν·

96 2151 128 2200 15
147 2126 285 2215 ἀγωγὴν
308 2141 354 2220 τῷ
377 2127 430 2215 θ’,
453 2127 505 2198 ὅτι
528 2128 566 2198 τό
591 2128 672 2199 ὅλον
695 2134 756 2197 τοό
780 2132 903 2216 μέρους
924 2127 1037 2216 μεῖζόν
1056 2129 1162 2198 ἐστιν·

144 2226 187 2320 ἦν
203 2234 240 2302 δέ
253 2237 308 2302 καὶ
324 2244 413 2303 ίσον·
438 2233 519 2322 ὅπερ
534 2233 715 2304 ἀδύνατον.
748 2240 802 2303 δεῖ
817 2240 935 2302 τοίνυν
949 2231 1004 2320 ἐφ’
1021 2233 1161 2321 ἕκάτερα

142 2345 202 2426 τῆς
228 2339 363 2421 εὐθείας
390 2350 524 2409 κεῖσθαι
554 2343 637 2428 μέρη
666 2344 725 2420 τὰς
752 2340 914 2420 ποιούσας
941 2337 1026 2426 πρὸς
1053 2336 1164 2427 αὐτὴν

143 2444 278 2528 εὐθείας
297 2449 396 2515 δυσὶν
416 2446 537 2532 ὀρθαῖς
557 2455 631 2526 ἴσας
648 2451 774 2532 γωνίας
791 2444 852 2532 ἀφ’
870 2444 945 2526 ἑνὸς
963 2446 1163 2532 ὡρμημένας

144 2560 285 2640 σημείου
300 2552 469 2638 δηλονότι,
493 2554 681 2640 φερομένας
700 2552 738 2620 δὲ
755 2551 818 2639 τὴν
836 2552 899 2639 μὲν
920 2552 972 2620 ἐπὶ
988 2551 1081 2637 τάδε,
1101 2549 1162 2638 τὴν

95 2684 129 2731 20
148 2660 186 2727 δὲ
209 2657 259 2725 ἐπ’
286 2660 396 2725 ἐκεῖνοι
419 2662 478 2743 τῆς
500 2657 636 2737 εὐθείας
658 2656 698 2724 τὰ
720 2659 813 2745 μέρη.

209 2768 261 2831 60.
317 2767 423 2831 Τοῦτο
459 2762 497 2830 τό
535 2764 696 2851 θεώρημα
732 2768 792 2831 τοῦ
829 2766 893 2849 πρὸ
930 2760 1037 2830 αὐτοῦ
1075 2760 1159 2831 ἀπο-

143 2873 337 2956 δειχθέντος
369 2869 459 2937 ἐστίν
492 2870 746 2958 ἀντιστρόφιον·
798 2872 908 2938 ἕπεται
940 2869 1004 2957 γάρ
1034 2865 1089 2936 ἀεὶ
1120 2867 1161 2938 τά

143 2972 362 3061 ἀντιστρόφια
384 2990 455 3056 τοῖς
477 2979 744 3063 προηγουμένοις
761 2978 987 3063 θεωρήμασιν.
1025 2977 1160 3044 ἐκείνου

141 3087 260 3150 τοίνυν
279 3080 507 3167 συστήσαντος
525 3079 664 3150 εὐθεῖαν
684 3082 733 3150 ἐπ’
752 3079 887 3161 εὐθείας
905 3081 960 3149 καὶ
978 3082 1161 3163 δείξαντος,

88 3211 122 3260 25
143 3186 193 3257 ὅτι
217 3193 274 3268 τὰς
297 3190 413 3273 ἐφεξῆς
435 3182 457 3272 ἢ
482 3186 544 3254 δύο
569 3186 677 3274 ὀρθὰς
698 3182 826 3274 ποιεῖῆ
846 3189 908 3256 δύο
935 3184 1056 3272 ὀρθαῖς
1076 3195 1162 3271 ίσας,

142 3299 243 3362 τοῦτο
276 3291 439 3379 λαμβάνει
472 3290 556 3379 πρὸς
586 3290 724 3361 εὐθεῖάν
751 3319 827 3361 τινα
856 3293 919 3361 δύο
947 3295 1162 3379 γιγνομένας,

144 3403 294 3467 δείκνυσι
322 3399 374 3479 δέ,
410 3394 460 3464 ὅτι
488 3404 547 3484 μία
576 3401 666 3468 ἐστὶν
695 3395 812 3467 εὐθεῖα
841 3426 861 3485 η
885 3402 990 3467 ταῦτα
1013 3403 1162 3467 ποιοῦσα

143 3504 226 3590 πρὸς
248 3509 288 3592 τῇ
312 3505 470 3592 είρημένη
489 3501 614 3594 εὐθείᾳ.
660 3504 698 3573 τὸ
722 3510 840 3573 τοίνυν
864 3507 901 3572 έν
925 3508 1040 3595 ἐκείνῳ
1065 3510 1162 3573 δεδο-

145 3632 310 3641 -.-.-—--—-
322 3634 356 3640 —.

217 3686 260 3734 60.
279 3679 309 3734 P.

64 3868 91 3996 .
217 3849 242 3895 5.
261 3836 376 3909 ὀρθαῖς]
396 3860 423 3910 q,
442 3835 534 3907 ὀρθάς
552 3838 601 3893 Vs.
