2414 4236
359 534 634 588 nunnunroauu
651 535 760 587 urana
778 536 835 591 xv.
1060 535 1103 599 53

91 675 211 760 angulo
242 676 362 741 centris
390 678 486 742 unius
514 677 626 744 lateris
655 679 802 744 terminis
835 683 868 744 et
898 680 988 745 radio
1016 685 1104 746 reeta

89 781 348 865 perpendiculari
380 805 400 848 a
432 784 553 849 uertice
586 784 627 849 ad
661 784 768 849 basim
800 784 895 850 dueta
928 808 1020 850 arcus
1052 787 1103 852 de·

89 887 275 953 scribantur
297 893 331 953 et
353 890 439 954 inter
466 911 501 954 se
530 893 653 973 secent3
684 894 756 955 tum
782 898 890 956 rectae
918 914 937 956 e
960 893 1102 957 sectione

89 994 129 1058 ad
155 999 270 1058 centra
292 994 409 1060 ductae
432 996 676 1062 inclinationem
704 997 879 1081 planorum
902 998 1102 1081 pyramidem

87 1100 431 1185 comprehendentium
450 1102 730 1187 comprehendent.
768 1104 802 1167 in
823 1107 974 1169 octaedro
994 1109 1102 1168 autem

84 1206 247 1292 quadrato
271 1207 308 1271 in
329 1207 431 1272 latere
454 1207 612 1293 trianguli
633 1208 795 1293 descripto
816 1210 934 1274 centris
953 1210 1102 1273 terminis

86 1313 271 1398 diagonalis
300 1318 333 1378 et
359 1313 451 1378 radio
480 1314 631 1379 similiter
658 1315 919 1399 perpendiculari
945 1315 1102 1399 trianguli

85 1441 181 1485 areos
214 1419 452 1506 describantur3
488 1425 558 1485 tum
595 1442 707 1485 rursus
744 1426 851 1487 rectae
885 1445 904 1486 a
937 1422 1101 1486 communi

86 1526 232 1592 sectione
262 1525 303 1590 ad
334 1530 444 1592 centra
478 1526 593 1592 ductae
623 1527 780 1612 angulum
810 1529 850 1593 ad
883 1527 963 1592 duos
995 1531 1102 1591 rectos

87 1631 309 1698 inclinationis
332 1633 499 1718 quaesitae
522 1633 722 1698 deficientem
746 1633 1030 1718 comprehendent.
1068 1634 1103 1697 in

87 1737 257 1806 icosaedro
271 1745 379 1806 autem
394 1741 428 1805 in
442 1740 545 1804 latere
558 1739 715 1824 trianguli
734 1743 919 1825 pentagono
939 1740 1102 1826 descripto

88 1845 226 1911 ducatur
248 1852 338 1913 recta
361 1848 421 1912 sub
446 1846 572 1911 duobus
597 1846 756 1911 lateribus
780 1846 991 1931 subtendens,
1019 1847 1103 1911 etsi

87 1953 208 2017 centris
231 1953 380 2018 terminis
404 1952 473 2017 eius
492 1952 647 2037 radioque
666 1953 924 2037 perpendiculari
943 1954 1101 2038 trianguli

89 2078 182 2122 arcus
207 2058 487 2144 descripserimus,
514 2064 622 2123 rectae
651 2080 670 2122 a
698 2061 862 2124 communi
890 2060 1032 2124 sectione
1061 2059 1102 2124 ad

89 2168 200 2230 centra
224 2165 340 2230 ductae
364 2165 515 2229 similiter
538 2165 696 2251 angulum
720 2165 760 2230 ad
779 2165 858 2230 duos
882 2171 988 2230 rectos
1012 2166 1102 2229 incli-

89 2269 233 2336 nationis
244 2271 416 2355 planorum
431 2270 589 2336 icossedri
604 2271 805 2336 deficientem
816 2268 1101 2352 comprehendent.

87 2377 122 2441 in
140 2377 339 2443 dodecaedro
359 2381 468 2442 autem
486 2378 633 2461 exposito
654 2398 718 2442 uno
743 2381 929 2460 pentagono
951 2375 1101 2439 similiter

87 2483 184 2548 ducta
211 2488 301 2548 reeta
327 2483 387 2548 sub
412 2484 536 2549 duobus
560 2484 715 2548 lateribus
739 2481 953 2547 subtendente
981 2483 1101 2546 centris

86 2591 235 2655 terminis
246 2589 315 2654 eius
330 2593 363 2653 et
375 2591 467 2655 radio
482 2594 570 2655 recta
585 2613 604 2654 a
618 2593 740 2673 puncto
755 2589 860 2653 medio
876 2589 944 2653 eius
961 2588 1001 2653 ad
1016 2590 1101 2654 latus

86 2696 268 2781 pentagoni
287 2695 318 2758 ei
335 2695 528 2779 parallelum
546 2695 806 2780 perpendiculari
826 2695 922 2760 ducta
941 2682 1033 2760 arcus
1049 2694 1101 2759 de·

87 2802 285 2888 scribantur;
304 2804 374 2866 tum
389 2806 496 2867 rectae
512 2802 553 2867 ab
569 2823 607 2866 eo
622 2806 751 2886 puncto,
770 2802 804 2865 in
821 2823 884 2886 quo
899 2806 1102 2879 concurrunt,

88 2909 130 2974 ad
159 2913 271 2973 centra
298 2908 413 2973 ductae
447 2908 598 2973 similiter
629 2910 783 2992 angulum
816 2908 857 2973 ad
890 2908 969 2972 duos
997 2911 1103 2971 rectos

89 3013 314 3080 inclinationis
351 3016 522 3099 planorum
559 3014 748 3079 dodecaedri
785 3014 987 3079 deficientem
1019 3032 1103 3076 com·

86 3120 297 3205 prehendent

153 3227 206 3292 Ita
219 3227 322 3312 igitur
339 3227 537 3292 clarissimus
552 3227 608 3291 ille
624 3226 675 3291 uir
688 3226 805 3290 harum
819 3245 927 3288 rerum
943 3224 1106 3288 rationem

942 3375 1102 3385 ———-———·

123 3462 148 3510 6.
173 3455 240 3527 τῆς]
260 3471 330 3510 corr.
351 3472 383 3508 ex
402 3455 453 3508 rod
471 3473 507 3511 m.
528 3460 543 3509 2
563 3453 598 3524 V,
623 3455 673 3508 sod
692 3453 722 3509 P.
799 3448 940 3520 dtuyeivcv
960 3449 1023 3516 PB,
1042 3451 1105 3504 δια-

87 3528 230 3596 γυνσνίυυ
249 3543 274 3580 v.
348 3531 372 3580 8.
393 3522 441 3596 ul]
461 3541 566 3582 emm.
641 3531 665 3580 9.
684 3522 863 3593 περιέξουσιν
883 3521 913 3575 Β.
988 3528 1028 3575 10.
1049 3525 1103 3576 λοί-

85 3615 200 3653 πουσαν
217 3614 245 3651 v.
307 3601 348 3652 12.
370 3591 578 3666 ἐπιζευχθῶσιν
598 3596 685 3666 (prius
701 3597 753 3649 sin
768 3595 835 3663 ras.)
851 3594 882 3648 P.
947 3598 987 3648 14.
1007 3589 1104 3655 αὐτοῖς

87 3686 221 3735 m‚corr.
241 3686 279 3725 m.
299 3673 324 3722 1.
396 3667 447 3739 τῇ]
468 3685 522 3723 om.
541 3669 571 3722 P.
647 3674 688 3722 16.
709 3668 861 3721 tolnovocv
881 3684 905 3719 v.
982 3671 1023 3719 19.
1043 3659 1103 3718 ἔπι-

83 3738 256 3809 ζευχθήσσις
280 3756 306 3792 r.
394 3744 437 3792 22.
461 3733 553 3810 αὐτῇ]
579 3732 671 3807 adria
694 3737 725 3792 Ρ.
811 3743 854 3791 23.
879 3732 926 3807 αἱ]
950 3753 1103 3805 suprascr.
1161 3742 1172 3759 ⁰

86 3830 124 3865 m.
141 3817 156 3865 1
171 3808 208 3875 V,
227 3827 283 3866 om.
297 3827 358 3865 vm.
431 3814 473 3864 25.
494 3806 718 3882 ἐπιζευγνυμένη
733 3823 803 3867 corr.
819 3825 853 3866 ex
869 3802 1114 3883 ἐπιζευγνυιιιυυυ

84 3901 122 3937 ιιι.
144 3888 159 3936 1
179 3880 211 3937 P.
282 3878 458 3949 περιέξουσιν
472 3879 504 3938 Β.
585 3887 626 3940 28.
648 3873 716 3961 eds]
737 3903 795 3945 om.
814 3905 854 3946 m.
