2414 4236
123 511 187 574 116
273 513 431 566 SOHOLIA
448 514 486 565 IN
504 511 780 567 ELEMEN'PORUM
796 512 936 567 unkun
947 512 971 567 1.

121 651 306 738 κατασκευὴ
329 651 370 720 τά
394 656 586 723 ἐλλείποντα
609 657 655 745 τῷ
678 654 848 743 δεδομένῳ
874 650 960 741 πρός
984 650 1048 739 τὴν
1069 654 1136 721 τοῦ

123 760 326 845 ζητουμένου
346 762 460 847 θήραν
482 766 716 847 προστίθησιν.
760 757 783 845 ἡ
810 757 849 827 δὲ
874 756 1045 839 άπόδειξις
1065 758 1137 827 ἐπι-

123 869 329 951 στημονικῶς
351 863 417 934 άπὸ
440 877 510 936 τῶν
533 862 817 952 ὁμολογηθέντων
839 862 979 949 συνάγει
995 861 1035 932 τό
1052 888 1136 953 προ-

121 976 284 1056 κείμενον.
320 970 358 1040 τό
383 972 420 1039 δὲ
444 972 662 1058 συμπέρασμα
684 970 787 1039 πάλιν
809 970 862 1039 ἐπὶ
884 967 948 1057 τὴν
969 968 1137 1057 πρότασιν

87 1098 102 1144 ο
122 1073 324 1164 ἀναστρέφει
342 1080 504 1164 βεβαιοῦν
521 1074 560 1145 τὸ
579 1078 803 1164 δεδειγμένου.
839 1076 896 1144 καὶ
912 1074 955 1143 τά
971 1074 1035 1162 μὲν
1051 1074 1135 1163 σύμ·

121 1208 228 1250 παντα
246 1185 328 1271 με’ρη
347 1189 416 1252 τόν
434 1210 469 1251 τε
488 1182 734 1269 προβλημάτων
751 1183 807 1250 καὶ
819 1186 889 1250 τάν
901 1180 1136 1269 θεωρημάτων

122 1290 190 1357 ἐστὶ
212 1295 371 1359 τοσαῦτα·
401 1288 441 1357 τά
471 1289 509 1357 δέ
536 1287 782 1376 ἀναγκαιότατα
808 1289 865 1357 καί
887 1290 926 1357 ἐν
947 1292 1051 1358 πᾶσιν
1074 1286 1137 1357 ὐκ·

121 1394 267 1483 άρχοντα
290 1396 449 1482 πρότασις
470 1397 526 1463 καὶ
554 1392 723 1477 ἀπόδειξις
748 1396 805 1464 καὶ
832 1396 1067 1483 συμπέρασμα,
1092 1390 1136 1463 τά

122 1502 159 1568 δὲ
182 1500 282 1569 λοιπὰ
306 1506 476 1589 πολλαχοῦ
499 1501 561 1587 μὲν
579 1501 885 1589 παραλαμβάνεται,
908 1502 1079 1588 πολλαχοῦ
1097 1498 1137 1569 δέ

70 1627 102 1676 10
121 1608 177 1674 καί
196 1604 241 1687 ὦς
259 1606 422 1696 οὐδεμίαν
440 1610 628 1694 παρέχοντα
646 1611 762 1695 χρείαν
775 1614 1020 1695 παραλείπεται.
1051 1604 1137 1676 όταν

121 1712 183 1799 μὲν
211 1706 273 1781 οὐν
301 1711 322 1800 ἡ
351 1713 511 1799 πρότασις
539 1714 712 1801 ἀμφότερα
740 1718 802 1804 σχῇ
829 1714 926 1783 τότε
949 1713 1137 1801 δεδομένον

120 1819 175 1885 καὶ
198 1819 236 1886 τὸ
262 1819 466 1907 ζητούμενον
486 1817 530 1899 ὡς
548 1821 601 1888 ἐπί
618 1818 681 1907 τὴν
700 1826 864 1890 δοθεῖσαν
882 1818 1022 1889 εὐθεῖαν
1039 1842 1138 1887 πεπε-

121 1925 292 2011 ρασμένην
311 1932 477 2012 τρίγωνον
496 1926 742 2013 συστήσασθαι,
760 1926 835 1995 τότε
854 1927 909 1994 καί
928 1924 947 1995 δ
962 1920 1139 2011 διορισμός

121 2026 307 2113 εὑρίσκεται
330 2032 385 2098 καὶ
408 2036 550 2113 ἐνθεσις,
574 2030 655 2100 ὅταν
675 2033 713 2101 δέ
731 2034 862 2121 ἐκλείπῃ
882 2031 919 2101 τὸ
940 2031 1139 2118 δεδομένον,

69 2156 102 2204 ιο
123 2135 314 2221 ἐκλιμπάνει
337 2139 392 2205 καὶ
415 2142 532 2206 ταῦτα·
570 2135 590 2224 ἡ
614 2136 678 2224 γάρ
709 2143 842 2218 ἔαθεσις
863 2141 925 2205 τοῦ
949 2137 1139 2222 δεδομένου

122 2243 189 2311 ἐστὶ
212 2245 267 2310 καὶ
292 2241 309 2311 ὁ
335 2244 517 2331 διορισμός.
555 2250 646 2312 ἔσται
665 2243 730 2332 γάρ
750 2241 768 2312 ὁ
789 2242 891 2323 αὐτὸς
907 2252 947 2333 τῇ
967 2241 1139 2327 προτάσει

120 2354 155 2416 τί
179 2348 244 2436 γάρ
273 2349 354 2419 ἄλλο
383 2347 428 2418 όν
456 2360 543 2418 είποι
571 2348 589 2418 ό
624 2353 850 2436 διοριζόμενος
878 2350 930 2416 ἐπὶ
962 2352 1023 2415 τοῦ
1054 2372 1139 2433 προ-

121 2457 285 2543 ρηθέυτος
308 2455 552 2541 προβλήματος,
575 2461 607 2523 εί
629 2454 673 2542 μὴ
697 2454 735 2523 τὸ
759 2452 879 2541 ὅμοιον
902 2464 942 2543 τῇ
965 2452 1138 2539 προτάσει,

122 2559 180 2629 ἐὰν
205 2559 248 2646 μὴ
272 2553 294 2647 ἦ
318 2560 355 2628 τὸ
381 2564 574 2646 δεδομένου.

68 2685 103 2734 20
190 2665 242 2731 ἐπὶ
264 2664 388 2732 τούτου
413 2670 475 2733 τοῦ
500 2667 634 2753 πράτου
652 2667 881 2754 θεωρήματος,
904 2664 956 2735 ὅτι
974 2664 1036 2752 μὲν
1058 2664 1139 2751 πρό·

122 2769 231 2856 βλημά
256 2772 364 2854 ἐστιν,
393 2774 513 2857 δῆλον,
543 2774 595 2840 ἐπί
617 2778 677 2859 τῆς
701 2778 860 2858 δοθείσης
883 2772 1020 2850 εὐθείας
1041 2795 1138 2838 πεπε-

122 2877 289 2965 ρασμένης
307 2883 472 2963 τρίγωνον
492 2879 693 2964 ἰσόπλευρον
713 2881 954 2965 συστήσασθαι.
990 2881 1052 2945 τοῦ
1070 2877 1138 2963 γάρ

121 2983 288 3071 τριγώνου
307 2983 368 3069 τὴν
388 2987 520 3072 γένεσιν
541 2991 646 3071 ζητῶν
665 2986 826 3054 ἐπιτάττει
844 2984 882 3054 τό
898 3011 931 3053 τε
941 2984 1140 3070 ’δεδομένου

121 3089 237 3158 καὶτὸ
264 3091 476 3177 ζητούμενον.
523 3095 656 3159 δέδοται
680 3090 743 3179 γὰρ
770 3091 900 3177 εὐθεῖα,
924 3098 1063 3177 ζητεῖται
1087 3090 1138 3174 δέ,

70 3216 104 3264 25
122 3202 191 3276 πῶς
218 3194 261 3265 άυ
289 3194 339 3264 ἐπ’
365 3195 470 3284 αὐτῆς
497 3203 636 3283 συσταίη
665 3197 703 3267 τὸ
735 3198 935 3283 ἰσόπλευρον
957 3202 1139 3282 τρίγωνον,

123 3305 178 3371 καί
201 3300 325 3390 ἡγεῖται
350 3302 387 3371 τό
413 3305 612 3390 δεδομένον,
646 3307 755 3372 ἕπεται
787 3304 824 3372 δὲ
850 3302 889 3372 τὸ
919 3302 1139 3389 ζητούμενον·

124 3407 201 3478 οὔτε
224 3409 286 3496 μέν
308 3406 373 3493 γὰρ
398 3405 534 3487 εὐθείας
552 3412 629 3495 δίχα
648 3408 895 3494 συσταθήσεται
916 3411 1034 3494 σχῆμα,
1060 3404 1140 3476 οὐτε

124 3514 162 3582 δέ
183 3513 267 3582 ἄνευ
289 3518 549 3601 πεπερασμένης·
574 3513 615 3583 οὐ
639 3514 703 3601 γάρ
723 3514 879 3583 δυνατόν.
917 3510 997 3600 μετὰ
1017 3511 1055 3579 δέ
1072 3509 1138 3599 τὴν

124 3620 287 3704 πρότασιν
307 3619 412 3700 εὐθὺς
430 3618 450 3708 ἡ
470 3626 600 3700 ἔκθεσις
619 3622 674 3687 καὶ
694 3620 759 3688 άπὸ
778 3621 899 3706 ταύτης
916 3617 934 3686 ὁ
951 3618 1140 3705 διορισμός·

198 3784 221 3832 λ.
243 3775 286 3850 ἐν]
309 3742 343 3849 ἐμ
357 3780 387 3833 Ρ.
445 3786 486 3833 18.
501 3781 598 3846 διωρισ
620 3778 686 3841 όςΡ
706 3781 770 3849 (hoe
785 3795 896 3849 quoque
910 3796 998 3849 genus
1013 3796 1140 3834 errorum

122 3850 190 3904 hinc
207 3848 265 3904 inm
285 3851 455 3921 neglegam).
530 3856 571 3905 15.
591 3802 790 3921 ἐύιλειμτιάνειν
809 3851 837 3905 P.
