2414 4236
216 484 374 538 nouom
391 485 430 537 m
447 485 723 537 ELEMENTORUM
740 484 879 537 LIBRUM
893 485 925 540 V.
1012 481 1077 547 281

62 624 102 695 δὲ
115 623 240 695 τούτου
257 627 320 693 τοῦ
332 623 438 710 λόγου
455 623 540 710 πρὸς
557 622 662 692 ἄλλον
680 623 784 710 λόγον
801 622 880 692 καθ’
899 620 1080 711 ὁμοιότητα

61 730 243 818 σύγκρισιν
265 727 340 816 ἤτοι
364 731 477 818 σχέσιν
500 727 686 816 ἀναλογίαν
707 730 998 818 προσηγόρευσαν,
1021 735 1079 798 ἵνα
1123 712 1136 735 ⁸

64 835 112 925 μὴ
136 834 181 919 ὦς
202 836 281 905 τόδε
303 834 342 907 τό
370 839 514 924 μέγεθος
541 843 773 925 σνγκρινηται,
801 834 874 904 ἄλλ’
901 833 945 916 ὥς
973 833 1031 904 ὅδε
1059 835 1078 904 6

59 941 164 1029 λόγος
194 940 279 1029 πρὸς
309 941 410 1011 τόνδε
438 941 501 1011 τὸν
528 942 642 1029 λόγον.
687 941 771 1027 αὕτη
802 941 839 1009 δὲ
861 938 883 1027 ἡ
907 943 1079 1028 σύγκρισις

60 1049 164 1135 λόγος
186 1049 315 1135 λέγεται
337 1047 456 1135 λόγον,
485 1041 559 1117 οἷον
587 1047 646 1115 ἐὰν
674 1041 737 1117 οἶσι
765 1047 829 1116 δύο
853 1047 1000 1134 εὐθεῖαι,
1029 1040 1078 1118 ὦν
1114 1071 1131 1121 ὁ

60 1151 84 1242 ἡ
109 1154 204 1243 ἑτέρα
226 1153 311 1242 πρὸς
332 1153 394 1240 τὴν
416 1150 539 1240 λοιπὴν
567 1157 767 1222 διπλασίονα
794 1153 899 1240 λόγον
927 1159 1008 1242 ἔχει,
1041 1154 1091 1223 τὸ4

61 1258 131 1329 ἀπὸ
158 1265 217 1347 τῆς
243 1257 305 1328 τόν
333 1263 535 1328 διπλασίονα
562 1258 667 1346 λόγον
697 1258 839 1347 ἐχούσης
866 1259 1079 1346 τετράγωνον
1144 1354 1148 1361 ἰ

61 1371 329 1451 τετοαπλασίονα
360 1364 465 1452 λόγον
496 1367 561 1447 ἕξει
594 1363 677 1451 πρὸς
707 1365 746 1434 τὸ
779 1363 844 1434 ἀπὸ
875 1369 934 1452 τῆς
960 1371 1079 1453 λοιπῆς

60 1471 275 1559 τετράγωνον
296 1469 380 1558 ἥπερ
403 1469 424 1558 ἡ
448 1476 568 1558 μείζων
591 1469 710 1540 εὐθεῖα
732 1469 817 1558 πρὸς
841 1470 902 1557 τὴν
925 1468 1079 1540 εὐθεῖαν

61 1576 105 1647 τδι
122 1576 188 1663 γὰρ
206 1579 302 1665 μήκει
322 1577 480 1645 διπλάσια
500 1577 641 1665 δυνάμει
659 1576 889 1663 τετραπλάσια.
922 1577 940 1646 6
959 1584 1077 1646 τοίνυν
1097 1602 1131 1653 10

61 1682 164 1770 λόγος
194 1687 263 1751 τῶν
293 1682 513 1777 τετραγώνων
544 1683 782 1770 τετραπλάσιος
818 1679 868 1752 δν
901 1687 1080 1753 διπλασίου

64 1787 165 1869 ὄντος
181 1793 245 1858 τοῦ
259 1788 364 1875 λόγου
377 1794 446 1857 τῶν
461 1788 606 1858 εὐθειῶν
621 1789 797 1869 διπλόσιός
810 1791 911 1859 ἐστιν.
932 1799 1080 1859 ιιαλεῑται

63 1893 103 1964 δὲ
120 1885 221 1976 οὗτος
238 1895 344 1982 λόγου
357 1893 466 1980 λόγος.
498 1893 571 1963 ἀλλ’
589 1903 639 1983 εἴη
654 1891 698 1964 ἄν
713 1887 811 1977 οὗτος
824 1892 891 1965 ὑπὸ
905 1895 944 1966 τὸ
958 1896 1078 1966 ποσόν·

65 2000 176 2082 διττός
198 1999 264 2088 γὰρ
287 1998 306 2069 6
324 2000 425 2088 λόγος
448 1998 467 2069 6
486 2001 604 2095 μὲνέν
623 1999 711 2092 ἀξίᾳ,
735 1999 753 2071 6
773 2002 811 2071 δὲ
829 2005 867 2071 ἐν
885 2008 988 2096 ποσῷ.
1024 2004 1079 2072 καί

65 2109 126 2176 τοῦ
148 2105 211 2195 μὲν
234 2110 272 2177 ἐν
291 2105 368 2198 ἀξίᾳ
391 2108 492 2176 οὐδέν
512 2109 602 2176 ἐστιν
621 2104 712 2187 είδος
729 2107 813 2193 πρὸς
827 2107 891 2194 τὴν
903 2113 1079 2195 παροῦσαν
1099 2133 1133 2183 ισ

66 2226 190 2301 χρείαν.
225 2217 287 2282 τοῦ
312 2213 350 2282 δὲ
372 2211 455 2282 κατὰ
477 2239 514 2281 το
539 2211 647 2282 ποσὸν
666 2216 739 2299 είδη
760 2213 829 2282 ἐστὶ
846 2215 957 2282 πέντε·
980 2212 998 2283 6
1017 2215 1079 2301 μὲν

64 2318 130 2407 γάρ
153 2322 222 2389 ἐστι
245 2319 508 2404 πολλαπλάσιος,
537 2316 583 2399 ὡς
605 2322 666 2388 τοῦ
688 2323 764 2402 τρία
787 2315 805 2387 6
830 2319 879 2404 ἒξ,
909 2315 928 2387 6
951 2319 989 2387 δὲ
1013 2322 1080 2389 ἐπι-

65 2424 194 2514 μόριος,
217 2422 263 2507 ὥς
284 2429 346 2495 τοῦ
363 2430 440 2511 τρία
459 2425 477 2493 6
496 2426 651 2511 τέσσαρα,
674 2422 693 2491 6
712 2424 750 2492 δὲ
768 2422 933 2511 ἐπιμερής,
956 2421 1001 2503 ὥς
1018 2428 1079 2493 τοῦ

65 2534 140 2617 τρία
171 2529 190 2600 6
217 2532 324 2601 πέντε.
374 2532 429 2599 ιιαί
458 2521 553 2599 οὗτοι
579 2530 641 2617 μὲν
669 2529 787 2615 ἆπλοί,
818 2528 948 2598 τούτων
972 2529 1009 2598 δὲ
1032 2535 1080 2599 ἔτι

52 2633 295 2723 ἁπλούστερος
313 2634 332 2706 6
350 2635 605 2718 πολλαπλάσιος.
640 2637 746 2723 ἕτεροι
765 2636 803 2706 δὲ
821 2639 857 2705 ἐκ
874 2640 933 2722 τῆς
950 2635 1079 2706 τούτων
1098 2660 1133 2711 20

66 2742 259 2822 συνθέσεως
281 2747 433 2827 γίνονται
453 2741 516 2811 δύο
536 2739 604 2810 ὅτε
621 2741 1012 2829 πολλαπλασιεπιμόριος,
1036 2738 1080 2823 ὡς

66 2849 128 2914 τοῦ
150 2851 226 2930 τοία
250 2843 268 2915 6
290 2847 386 2932 ἑπτά,
417 2850 474 2917 καὶ
497 2846 515 2916 ὁ
539 2847 922 2935 πολλαπλασιεπιμερής,
949 2844 995 2927 ὡς
1019 2851 1080 2916 τοῦ

68 2955 146 3033 τοία
165 2947 183 3018 6
203 2947 297 3021 ὀκτώ.
332 2952 496 3041 ὑπόλογον
514 2955 554 3023 δέ
569 2958 657 3022 εἰσιν
676 2957 711 3029 οί
728 2952 907 3033 ἐλάσσονες
923 2957 993 3021 τῶν
1011 2979 1079 3040 μει-

137 3189 161 3238 2.
186 3180 430 3255 προσηγόρευσαν]
450 3200 506 3240 om.
524 3201 551 3252 q.
641 3189 667 3239 3.
690 3181 740 3255 τό]
760 3197 814 3239 om.
832 3182 926 3238 Nat.
1015 3178 1079 3256 ὅδε]

65 3270 136 3310 corr.
155 3271 190 3308 ex
208 3255 265 3308 ωδε
284 3252 314 3307 Ρ.
387 3258 413 3309 δ.
432 3247 500 3309 ὦσιν
519 3253 610 3308 ΡΡαλ
684 3261 708 3310 7.
729 3254 779 3323 τῆς
796 3251 858 3325 τόν]
879 3253 914 3322 Β,
934 3254 991 3307 τῶν
1009 3254 1031 3308 F
1050 3266 1080 3312 et

65 3340 136 3380 corr.
156 3340 191 3379 επ
208 3322 259 3379 τόν
278 3341 352 3380 ιντο.
366 3328 438 3394 post.
458 3324 489 3395 P,
506 3325 557 3392 τῆς
575 3343 602 3394 q,
621 3322 672 3380 τόν
687 3325 750 3382 Vnt.
812 3331 838 3381 9.
857 3321 942 3396 ἤπερ]
962 3341 1031 3380 corr.
1046 3341 1080 3380 ex

65 3395 146 3465 εἴπερ
165 3394 195 3449 Ρ.
273 3391 305 3467 ἡ]
325 3413 380 3451 om.
400 3414 427 3464 q.
506 3401 546 3450 10.
566 3393 641 3483 μόνη
659 3414 686 3465 q.
766 3400 806 3451 11.
825 3397 1033 3465 τετραπλασίων
1051 3413 1079 3464 q.

101 3471 144 3521 12.
165 3467 321 3521 διπλασίων
339 3465 370 3522 Ρ.
446 3472 486 3521 13.
506 3467 538 3520 δε
572 3485 624 3522 ονν
643 3468 673 3522 Β.
742 3465 824 3535 λόγος
841 3463 927 3536 λόγον
946 3484 973 3536 q.
1037 3472 1079 3521 15.

67 3532 143 3591 ἐστιν
162 3533 250 3608 εἶδος]
270 3532 329 3592 ἐστι
347 3556 374 3607 q.
465 3542 508 3592 16.
549 3553 609 3591 στιν
628 3535 702 3601 vat..
721 3535 792 3592 εἰσιν
810 3535 868 3592 ΡΒ.
960 3541 1002 3592 18.
1021 3531 1080 3593 ἐπι-

67 3605 185 3676 διμισὴς
204 3626 231 3677 q.
308 3609 359 3663 τοῦ
377 3609 441 3675 τρία
461 3604 476 3662 6
493 3604 595 3679 πέντε]
614 3604 630 3662 6
649 3607 734 3663 πέντε
752 3607 804 3662 τοῦ
822 3609 886 3674 τρία
903 3607 959 3678 Fq.
1035 3612 1079 3664 20.

67 3672 255 3748 ἅπλοόστεροι
274 3697 301 3748 q.
371 3675 401 3734 ολ
416 3673 619 3735 πολλαπλάσιοι
633 3696 661 3747 q,
680 3675 870 3740 πολαπλιίσιος
883 3675 914 3732 Ρ.
981 3676 1079 3733 ffinem

67 3749 103 3803 ab
124 3747 215 3816 ἕτερον
234 3766 289 3805 om.
309 3768 335 3818 q.
425 3749 485 3821 τῆς]
506 3765 560 3804 om.
578 3749 609 3803 F.
699 3754 743 3804 21.
761 3750 906 3819 γιίνονται
923 3747 953 3806 Ρ.
1035 3755 1079 3805 23.

58 3814 212 3881 <blainum
230 3816 260 3886 Ρ,
279 3837 371 3891 comp.
389 3820 420 3874 B.
