2414 4236
251 490 409 544 scnom
426 493 464 546 m
483 493 758 547 ωεευωαυοεου
774 496 949 551 mmm
1062 493 1104 559 73

89 641 129 717 τῇ
146 627 228 697 καθ’
243 627 332 716 ἡμᾶς
348 631 495 725 περιόδρε
514 638 729 721 γεγενῆσθαι,
753 635 895 722 μάλιστα
919 637 957 705 δέ
980 639 1017 705 έν
1035 651 1106 719 τοῖς

90 733 170 803 κατὰ
194 735 364 804 Πλάτωνα
392 738 540 825 χρόνοις·
571 736 1106 843 Q

89 839 170 911 κατὰ
197 838 260 910 τὸν
287 845 423 931 πρῶτον
446 851 675 940 mol-efflat,
703 844 743 913 τά
772 846 809 913 δέ
837 850 1010 934 σποραδὴυ
1037 846 1105 918 ὑπό

89 951 155 1016 τῶν
186 949 420 1035 παλαιοτέρων
451 951 672 1036 θεωρηθέντα
707 951 898 1038 συνήγαγεν
926 951 1026 1033 αὐτὸς
1057 960 1106 1035 είς

88 1059 298 1143 στοιχείωσιν
321 1054 415 1136 τάξιν
438 1053 552 1136 αὐτοῖς
578 1056 634 1124 καὶ
662 1055 848 1140 ἀποδείξεις
871 1058 1104 1146 ἀκριβεστέρας
1140 1088 1157 1136 5

87 1161 217 1241 ἐπιθεὶς
240 1157 287 1241 ῶς
308 1160 392 1245 πρὸς
410 1168 629 1250 στοιχείωσιν.
663 1160 785 1250 οὐγὰρ
809 1162 892 1232 ὅσον
915 1166 1025 1251 λέγειν
1049 1170 1104 1233 δυ-

86 1266 207 1352 νατόν,
236 1268 359 1354 γράφει
386 1271 507 1354 ταῦτα,
538 1266 611 1336 ἀλλ’
638 1268 701 1336 ὅσα
729 1275 918 1356 στοιχειοῦν
945 1273 1104 1358 πέφυκεν,

88 1375 144 1441 καὶ
178 1370 224 1441 δι’
256 1364 305 1441 ῶν
336 1374 392 1441 καὶ
423 1373 464 1441 τὰ
496 1372 541 1461 μή
574 1375 771 1462 γραφόμενα
804 1382 894 1444 ἔστιν
922 1374 1103 1463 εὑρίσκειν·

88 1477 243 1568 εὑρήσεις
273 1478 311 1547 δέ
337 1479 417 1560 τοὺς
446 1480 692 1568 συλλογισμοὺς
718 1483 774 1548 καὶ
804 1481 870 1550 άπὸ
901 1486 1018 1550 αἰτιῶν
1047 1484 1103 1551 καί

88 1583 155 1653 άπὸ
178 1591 379 1673 τεκμηρίων,
402 1586 530 1665 πάντας
553 1586 591 1654 δέ
612 1583 830 1673 άυελέγκτους
851 1588 907 1655 καί
931 1591 1103 1675 ἐπιστημο-
1124 1615 1157 1665 10

87 1690 218 1771 νικοός·
239 1692 347 1771 πάσας
369 1717 404 1760 τε
427 1689 514 1779 ὁρᾶν
537 1694 641 1774 έξέστι
664 1692 723 1773 τὰς
745 1697 804 1780 τῆς
823 1696 1031 1780 διαλεκτικῆς
1048 1721 1103 1782 με-

86 1797 217 1877 θόδους
239 1798 460 1885 διαιρετικήν,
489 1797 677 1886 δριστικήν,
705 1797 956 1887 άποδεικτικήυ,
979 1799 1103 1868 ἀναλυ-

86 1903 192 1990 τικήν.
244 1901 262 1972 ὁ
292 1905 329 1972 δὲ
357 1903 480 1986 σκοπός
506 1909 565 1992 τής
591 1911 818 1992 πραγματείας
844 1907 935 1974 ἐστὶν
963 1909 1104 1986 διπλοῦς

87 2008 169 2077 κατά
191 2035 227 2077 τε
249 2008 312 2097 τήν
335 2015 403 2079 τῶν
426 2011 631 2098 πραγμάτων
653 2012 759 2098 φύσιν
778 2012 833 2080 καί
852 2013 935 2101 πρὸς
953 2011 1015 2099 τὴν
1033 2016 1102 2080 τῶν

91 2115 366 2204 ἐντυγχανόντων
400 2115 573 2203 ὠφέλειαν.
627 2115 711 2206 πρὸς
742 2117 804 2205 μέν
836 2117 900 2205 γὰρ
937 2117 1022 2186 αὐτὰ
1061 2116 1101 2185 τὰ
1123 2143 1155 2192 16

88 2221 263 2309 πράγματα
290 2219 467 2308 βλέποντές
487 2237 605 2309 Ιφαμεν
632 2225 706 2310 περὶ
734 2228 802 2291 τῶν
828 2227 998 2310 κοσμικόν
1026 2243 1102 2310 σχη-

87 2328 200 2414 μάτων
223 2322 310 2396 εἶναι
332 2325 394 2415 τήν
416 2328 596 2418 πρόθεσιν·
643 2330 745 2417 πέρας
767 2327 831 2415 γάρ
859 2326 880 2415 ἡ
909 2333 977 2397 τῶν
1004 2329 1102 2395 πέντε

87 2435 265 2522 σχημάτων
298 2437 511 2520 διδασκαλία,
543 2431 564 2501 ἃ
597 2435 653 2502 καὶ
682 2433 828 2502 Πλάτων
860 2438 907 2512 είς
938 2432 1001 2520 τὴν
1032 2439 1101 2502 τῶν

86 2548 261 2630 στοιχείων
284 2541 446 2609 σύστασιν
468 2542 732 2628 παραλαμβάνει.
777 2539 861 2629 πρὸς
883 2540 921 2608 δὲ
947 2539 1010 2627 τήν
1032 2550 1101 2608 τῶν

85 2646 362 2734 ἐντυγχανόντων
385 2646 552 2736 ω’φέλειάν
576 2674 687 2734 φαμεν
710 2653 919 2734 στοιχείωσιν
942 2649 1099 2735 γράφειν·
1119 2673 1154 2722 20

84 2752 152 2823 άπὸ
176 2752 242 2840 γὰρ
264 2753 395 2821 τούτων
417 2751 608 2841 ὁρμώμενοι
630 2753 686 2820 καὶ
709 2753 749 2820 τὰ
772 2752 856 2822 ἄλλα
880 2754 1100 2841 δυνησόμεθα

84 2858 277 2946 γινιόσκειν,
295 2858 396 2947 χωρίς
415 2859 453 2928 δὲ
470 2858 601 2928 τούτων
618 2860 734 2928 οὐδέν·
758 2858 881 2928 διὸκαὶ
896 2867 1102 2947 στοιχείωσις

83 2964 291 3052 ὀνομάζεται.
327 2969 396 3033 τῶν
416 2966 454 3034 δὲ
471 2964 702 3055 θεωρημάτων
715 2968 934 3053 καλουμένων
952 2970 1020 3032 τῶν
1039 2964 1101 3051 μὲν

84 3077 277 3159 στοιχείων,
308 3076 377 3140 τῶν
410 3072 448 3140 δὲ
481 3076 702 3160 στοιχειωδῶν
734 3078 802 3140 τῶν
835 3071 897 3158 μέν
927 3077 1101 3156 στοιχείων

82 3176 345 3265 ὀνομαζομένων
363 3175 384 3264 ἡ
398 3184 527 3266 θεωρία
541 3183 715 3247 διικνεῖται
729 3174 814 3266 πρὸς
827 3177 889 3264 τήν
903 3180 972 3245 τῶν
987 3175 1100 3244 ἄλλων
1118 3199 1153 3248 25

83 3283 282 3372 ἐπιστήμην,
304 3284 361 3353 καὶ
384 3281 444 3370 ἀφ’
465 3276 514 3353 ῶν
538 3287 574 3353 έν
596 3299 667 3365 τοῖς
689 3293 820 3364 λοιποῖς
842 3280 981 3368 άτιόροις
999 3309 1101 3370 παρα-

83 3396 215 3478 γίνεται
237 3390 348 3476 λύσις,
377 3395 602 3479 στοιχειωδῶν
631 3391 669 3459 δὲ
696 3392 760 3459 ὅσα
783 3395 940 3458 διατείνει
963 3389 1025 3478 μὲν
1049 3391 1102 3458 ἐπὶ

82 3498 200 3583 πλέον,
223 3495 266 3566 οὐ
288 3499 403 3584 μέντοι
427 3499 479 3566 ἐπὶ
497 3497 617 3585 πάντα,
641 3493 716 3565 οἷον
734 3497 772 3567 τὸ
793 3499 829 3566 ἐν
843 3511 913 3576 τοῖς
925 3497 1103 3583 τριγώνοις

81 3602 144 3684 τὰς
167 3601 233 3671 άπὸ
256 3607 326 3672 τῶν
349 3607 484 3689 γωνιῶν
506 3606 672 3684 καθέτονς
694 3604 746 3672 ἐπὶ
765 3602 824 3683 τὰς
841 3600 987 3688 πλευράς
1004 3599 1099 3686 κα[θ’

177 3768 204 3817 4.
223 3747 435 3830 παλαιῶτίρων.
509 3760 713 3834 θεωρηθέντα]
732 3760 915 3832 θητεθένταθ
993 3769 1017 3816 6.
1036 3781 1103 3831 προ·

81 3835 270 3905 στοιχείωσιν.
345 3839 387 3889 13.
405 3835 590 3905 πραγματίαις.
