2414 4236
144 497 210 562 150
296 498 452 551 scnom
469 498 509 551 m
526 496 802 551 mmmm
819 496 995 551 mum

143 640 351 725 συνέκρινεν,
375 635 448 705 ἀλλ’
474 636 517 706 οά
539 635 622 725 πρὸς
644 636 707 724 τήν
729 639 861 725 ἐφεξῆς·
896 632 983 724 αὕτη
1005 634 1069 725 μὶν
1089 634 1160 724 γὰρ

142 747 197 813 καῖ
212 752 267 831 ἴση
288 744 430 812 δύναται
449 741 536 813 εἴναι
554 745 610 813 καὶ
628 743 782 813 ἐλάσσων
793 744 851 812 καῖ
864 748 998 831 μείζων,
1017 744 1162 813 ἐκείνων

143 851 180 919 δὲ
203 851 359 938 ἑκατέρας
382 849 466 938 αὐτὴ
489 857 619 939 μείζων.
664 847 725 919 έάν
747 840 813 919 οὖν
835 845 1051 937 ὀρθογώνιον
1073 840 1096 939 ᾖ
1119 846 1160 919 τὸ

142 963 323 1042 τρίγωνον,
350 959 406 1026 καῖ
435 961 585 1046 ἐκβληθῇ
613 955 697 1042 πρὸς
718 956 782 1044 τήν
803 954 930 1045 ὀρθήν,
957 954 978 1044 ή
1001 954 1098 1037 ἐντὸς
1119 966 1161 1047 τῇ

108 1088 124 1136 ι
145 1061 237 1142 ἐντὸς
261 1067 352 1130 ἔσται
375 1072 443 1150 ἴση,
467 1067 498 1130 εί
516 1062 553 1131 θλ
572 1060 824 1149 ἀμβλυγώνιον,
844 1063 900 1130 καὶ
919 1066 1159 1151 προσιτιβληθῇ

142 1163 226 1255 πρὸς
248 1166 309 1254 τήν
331 1166 510 1256 ἀμβλεῖαν,
539 1174 631 1236 ἔσται
657 1174 779 1255 μείζων
806 1165 828 1254 ἡ
856 1166 951 1248 ἐντὸς
972 1172 1032 1255 τῆς
1054 1168 1161 1249 ἐκτός.

142 1270 225 1342 ἀλλὰ
249 1272 331 1360 πρὸς
354 1273 413 1354 τάς
435 1271 637 1343 ἀπεναντίον
660 1278 759 1343 τοῦτο
783 1271 968 1361 γίνεταιτά
987 1271 1161 1362 εἶναιτὴν

143 1378 233 1457 ἐκτὸς
255 1388 342 1466 ἴσην.
389 1377 453 1465 ἤδη
483 1382 523 1447 δέ
543 1405 630 1460 τινες
658 1381 889 1448 συνάπτουσιν
915 1375 956 1448 τά
984 1378 1049 1447 δύο
1070 1388 1159 1449 θεω-

142 1486 271 1572 ρήματα
293 1486 394 1553 τοῦτό
417 1510 451 1553 τε
473 1486 530 1553 καῖ
552 1484 590 1553 τὸ
612 1487 687 1573 ἑξῆς
704 1484 994 1572 ἀποδεικνύμενον
1010 1488 1050 1554 ἓν
1067 1482 1160 1555 οὕτω

90 1618 122 1666 10
141 1593 368 1677 προφέρονται
400 1590 463 1677 τήν
495 1591 671 1680 πρότασιν·
716 1589 841 1672 παντὸς
875 1590 1045 1679 τριγώνου
1079 1594 1162 1679 μιᾶς

142 1805 296 1888 ἑκατέρας
318 1809 386 1871 τῶν
410 1802 505 1883 ἐντὸς
526 1804 582 1871 καῖ
611 1802 813 1873 ἀπεναντίον
840 1810 962 1892 μείζων
988 1806 1074 1890 ἐστί,
1102 1804 1160 1873 τιττῖ

142 1909 206 1976 δύο
227 1905 405 1977 ὁποιαιοῦν
423 1914 493 1978 τῶν
507 1907 601 1990 ἐντὸς
614 1915 749 1996 γωνιῶν
765 1909 827 1979 δύο
843 1909 962 1996 ὀρθῶν
979 1910 1161 1992 ἐλάσσονές

142 2019 237 2081 εἴσιν.
276 2013 331 2081 διὰ
351 2015 388 2082 δὲ
407 2018 528 2084 τούτου
546 2019 607 2084 τοῦ
626 2017 671 2089 ις’
686 2016 905 2103 θεωρήματος
923 2015 1058 2085 κάκεῖνο
1076 2013 1160 2086 ἀπσ-

91 2148 123 2195 15
145 2123 307 2207 (δείξομεν,
331 2118 393 2206 ὅτι,
417 2120 478 2189 ἐὰν
501 2127 549 2202 εἴς
572 2122 635 2190 δύο
660 2120 795 2201 εὐθείας
813 2119 931 2190 εὐθεῖα
951 2125 1160 2208 ἐμπίπτουσα

142 2225 203 2311 τήν
227 2226 320 2306 ἐκτὸς
341 2234 470 2313 γωνίαν
495 2237 572 2314 ἴσην
596 2234 674 2316 ποιή
699 2232 738 2316 τή
758 2228 852 2307 ἐντὸς
871 2227 926 2294 καὶ
944 2225 1161 2314 ἀπεναντίον,

143 2330 184 2400 οὐ
206 2333 384 2420 ποιήσουσι
408 2341 574 2424 τρίγωνον
594 2338 632 2401 αί
648 2333 780 2402 εὐθεῖαι
799 2332 880 2401 οὐδὲ
899 2338 1161 2420 συμπεσοῦνται,

142 2441 211 2507 ἐπεὶ
235 2446 326 2509 ἔσται
351 2441 435 2528 αὑτὴ
459 2443 514 2509 καῖ
539 2451 594 2528 ἴση
617 2443 673 2510 καῖ
696 2447 829 2527 μείζων·
867 2437 948 2527 ὅπερ
976 2435 1160 2509 ἀδύνατον.

141 2549 300 2634 λάβοιμεν
316 2550 346 2613 δ’
364 2544 407 2614 ἀν
422 2546 563 2615 ἀπὸτοῦ
578 2550 801 2635 προκειμένου
813 2545 1033 2633 θεωρήματος
1046 2550 1159 2630 τοῦτο,

88 2676 123 2724 -20
143 2652 192 2718 ὅτι
216 2650 281 2719 ἀπὸ
305 2658 365 2720 τοῦ
388 2652 493 2721 αὐτοῦ
519 2660 659 2740 σημείου
676 2668 764 2739 τρεῖς
783 2650 913 2721 εὐθεῖαι
932 2660 1003 2719 ἴσαι
1023 2653 1076 2719 ἐπὶ
1095 2650 1158 2739 τὴν

143 2753 248 2841 αὐτήν
273 2755 411 2825 εὐθεῖαν
434 2766 653 2842 προσπίπτειν
676 2757 856 2826 ἀθάνατον.

209 2868 261 2930 68.
294 2866 491 2950 Σαφεστέρα
514 2861 535 2949 ἡ
559 2868 711 2951 παροῦσα
734 2864 893 2951 πρότασις
916 2866 953 2931 έν
975 2865 1020 2953 τῷ
1045 2869 1158 2948 Σαρα-

141 2973 265 3060 κηνικῷ
289 2966 498 3061 ἀντιγράφω·
523 2975 588 3056 ἔχει
611 2968 675 3057 γάρ
699 2970 819 3049 οὕτως·
842 2968 966 3047 παντὸς
988 2968 1160 3053 τριγώνου

141 3085 219 3161 μιᾶς
232 3081 299 3144 τῶν
314 3086 468 3161 πλευρῶν
482 3075 797 3162 προεκβληθείσηςή
814 3073 906 3154 ἐκτὸς
919 3079 1026 3159 γωνία
1036 3080 1159 3160 μείζων

89 3206 122 3255 τε
144 3182 210 3248 ἐστὶ
230 3179 386 3268 ἑκατέρας
404 3184 472 3249 των
491 3181 596 3265 ἐντός,
615 3184 763 3249 τουτέστι
782 3185 850 3248 τοῖν
869 3180 921 3247 ἐπὶ
939 3183 999 3265 τῆς
1011 3185 1160 3266 πλευρᾶς

141 3293 199 3375 τῆς
226 3286 469 3373 ὑποτεινούσης
497 3289 561 3372 τὴν
596 3293 722 3372 γωνίαν
755 3286 816 3374 τήν
850 3289 967 3372 ἐφεξῆς
998 3290 1038 3374 τή
1071 3286 1158 3376 αὐτῇ

142 3395 234 3474 ἐκτὸς
256 3401 371 3484 γωνίᾳ.

213 3593 255 3641 68.
275 3606 301 3654 p.

171 3830 178 3851 2
203 3759 377 3889 ·2'1}”⁶l⁷⁰³⁷
396 3761 448 3836 δέ]
473 3765 585 3837 ιετίμιὶς
610 3759 738 3820 έιιείνονλ
757 3764 788 3818 Ρ.
879 3770 903 3819 8.
928 3759 1018 3835 αὐτή]
1043 3763 1163 3835 εστίρεὶς

140 3855 230 3905 αντης
271 3875 277 3888 .
