2414 4236
232 535 389 588 scnom
406 537 445 587 m
463 536 738 589 ELEMENTORUM
755 536 894 588 MERUM
907 537 944 589 11.
1030 533 1095 597 229

80 679 151 744 τῶν
182 680 201 744 ῖ
231 675 287 743 καί
323 679 384 743 τοῦ
422 674 498 754 ἑνὸς
533 679 602 744 τῶν
634 679 812 764 τμημάτων
843 679 912 744 τῶν
941 681 961 746 ξ
995 683 1096 744 πολυ-

80 781 347 868 πλασιαζόμενον
370 787 523 869 γίνονται
547 776 579 867 ξ,
610 782 666 850 καὶ
693 780 731 850 τὸ
766 780 831 850 ὑπὸ
856 786 915 866 τῆς
938 779 1017 868 ὅλης
1040 782 1096 849 καί

83 891 145 955 τοῦ
169 888 284 975 ἑτέρον
306 888 474 975 τμήματος
496 887 605 974 ήγουν
633 893 701 957 τῶν
721 881 748 954 δ
770 894 805 975 μ’
843 884 928 975 ὁμοῦ
953 913 981 974 ρ.
1028 893 1096 955 ἔστι

81 993 120 1062 δὲ
142 993 198 1062 καί
220 991 259 1062 τὸ
284 991 348 1063 άπὸ
367 998 426 1081 τῆς
445 995 524 1082 ὅλης
541 993 754 1082 τετράγωνον
773 1001 807 1081 ρ·
830 993 869 1061 τὰ
885 991 949 1080 γάρ
964 998 1095 1061 ῖττολυ·
1198 989 1202 996 ’

80 1099 327 1187 τλασιαζόμενα
351 1099 405 1187 ἐφ’
432 1100 532 1169 ἑαυτά
555 1105 691 1170 ποιοῦσι
713 1098 773 1169 τὸν
798 1104 827 1188 ρ.
1133 1123 1149 1173 ο

150 1210 201 1274 20.
319 1206 483 1293 πρότερον
512 1211 559 1287 είς
587 1214 643 1275 ίσα
673 1206 736 1275 δύο
765 1205 811 1286 ὡς
840 1204 997 1293 ἑκάτερον
1030 1209 1097 1274 τῶν

80 1310 260 1400 τμημάτων
284 1309 349 1380 ἀντὶ
374 1312 535 1400 μονάδων
558 1325 591 1399 η·
631 1310 757 1381 οὐκοῦν
784 1309 821 1380 τὸ
846 1309 911 1379 ὑπὸ
936 1315 994 1398 τῆς
1018 1309 1098 1397 ὅλης

80 1418 139 1485 καί
170 1417 247 1497 ἑνὸς
271 1418 440 1506 τμήματος
467 1423 594 1504 γίνεται
621 1425 693 1506 ρῖη.
746 1415 764 1487 ὁ
793 1469 890 1487 .....
917 1416 1098 1505 γενόμενος

82 1525 137 1593 ἐπὶ
161 1523 220 1593 τὸν
242 1536 264 1611 η
287 1551 366 1593 τοντ
394 1577 474 1593 .....
496 1526 552 1593 καὶ
574 1529 637 1594 τοῦ
659 1526 775 1610 ἑτέρον
796 1522 963 1610 τμήματος
986 1521 1098 1591 ἄλλων

82 1627 209 1717 ὁμοίως
226 1635 298 1719 ῶῑή.
335 1628 418 1700 ὥστε
437 1632 596 1715 γενέσθαι
615 1631 723 1700 πάντα
741 1629 801 1700 τὸν
821 1633 855 1698 ἐκ
873 1624 981 1716 τῶνὸ
998 1628 1097 1717 ὀρθο-
1119 1654 1151 1704 10

81 1741 219 1823 γωνίων
240 1735 389 1824 ἀριθμὸν
413 1730 487 1822 σ’τήλ.
532 1748 697 1806 τοσοῦτον
721 1737 758 1806 δὲ
782 1764 846 1824 φεν
866 1789 963 1805 .....
985 1733 1097 1804 καὶτὸ

81 1842 148 1911 άπὸ
167 1845 225 1930 τής
244 1842 324 1930 ὅλης
342 1842 566 1931 τετράγωνον·
593 1840 689 1912 ἑκκαί
705 1898 711 1914 .
728 1898 735 1914 .
750 1897 780 1913 ..
803 1841 887 1911 ἀλλὰ
912 1841 953 1929 δή
976 1842 1033 1911 καί
1052 1845 1099 1922 είς

82 1949 184 2017 άνισα
207 1949 383 2036 τετμήσθω
407 1947 452 2029 ὡς
476 1948 647 2035 εἶναιτὴν
670 1951 731 2038 μὲν
751 1957 780 2037 ξ,
803 1950 865 2037 τὴν
885 1949 923 2018 δὲ
940 1954 967 2016 ῖ.
995 1947 1098 2015 πάλιν

82 2054 122 2124 τὸ
138 2052 204 2124 ὑπὸ
218 2060 278 2143 τής
293 2054 373 2142 ὅλης
386 2055 441 2124 καὶ
456 2060 515 2143 τῆς
529 2054 589 2124 τὸν
605 2057 770 2125 ἐλάσσονα
789 2054 930 2143 ἐχούσης
947 2051 1099 2143 άριθμὸν

151 2272 203 2338 21.
235 2266 345 2335 Ἔστω
373 2264 393 2354 ἡ
423 2268 484 2355 ὅλη
515 2266 536 2355 ή
565 2275 631 2335 AB
663 2267 824 2354 μονάδων
855 2273 882 2333 ῖ·
922 2265 1098 2353 τετμήσθω

82 2380 133 2455 είς
156 2382 175 2446 ξ
196 2372 260 2461 τήν
278 2379 348 2441 ΑΓ
365 2375 421 2441 καί
445 2365 468 2442 δ
488 2373 550 2459 τήν
574 2380 644 2443 ΓΒ.
681 2375 719 2441 τδ
742 2376 827 2459 γοῦν
850 2370 916 2441 άπὸ
939 2375 997 2457 τῆς
1020 2369 1100 2457 ὅλης

82 2483 141 2550 καὶ
163 2491 225 2549 τοῦ
248 2477 323 2559 ἑνὸς
345 2489 413 2548 τάν
431 2481 612 2567 τμημάτων
630 2483 691 2547 τοῦ
710 2485 729 2552 ξ
748 2475 1099 2562 πολυτλασιαζόμενον

84 2593 213 2675 γίνεται
236 2585 274 2655 τὸ
298 2593 363 2653 AZ
391 2592 516 2672 χωρίον
537 2576 572 2671 ξ,
604 2586 659 2653 καί
691 2584 729 2655 τὸ
758 2582 823 2653 ὑπὸ
852 2588 910 2672 τής
938 2581 1016 2670 ὅλης
1043 2582 1099 2650 καλ

85 2697 148 2762 τοῦ
171 2690 287 2780 ἑτέρον
309 2695 377 2760 τάν
395 2691 574 2778 τμημάτων
592 2690 699 2778 ήγονν
716 2695 778 2760 τοῦ
797 2682 964 2779 δγίνεται
982 2689 1020 2758 τὸ
1036 2693 1100 2757 ΓΕ
1117 2710 1153 2762 20

86 2804 212 2887 χωρίον
229 2802 267 2884 ’μ’
290 2795 377 2885 ὁμοῦ
396 2795 434 2867 τὸ
453 2806 518 2866 ΑΖ
541 2805 666 2886 χωρίον
690 2799 745 2866 καί
767 2797 805 2867 τὸ
826 2804 890 2867 ΓΕ
907 2824 936 2886 ρ.
973 2801 1043 2864 ἔστι
1063 2794 1100 2863 δὲ

86 2904 144 2971 καὶ
166 2903 206 2971 τὸ
228 2900 293 2972 άπὸ
315 2907 375 2990 τῆς
398 2902 478 2990 ὅλης
501 2903 635 2985 εὐθείας
658 2910 782 2992 χωρίον
807 2911 836 2991 ρ.

157 3011 209 3076 22.
244 3006 291 3076 Ἡ
313 3006 374 3096 ὅλη
404 3010 565 3098 μονάδων
588 3015 608 3083 ξ
633 3010 689 3078 καί
715 3009 754 3079 τὸ
779 3006 836 3078 ἄττ’
862 3005 966 3095 αὐτῆς
988 3005 1100 3095 τετρά-

85 3141 200 3202 γωνον
223 3106 275 3188 λξ·
310 3114 349 3187 τὸ
373 3123 485 3205 μεῖζον
506 3109 663 3204 τμήμαδ
686 3116 743 3184 καί
765 3115 804 3185 τὸ
832 3113 890 3183 ὑπ’
916 3113 1022 3183 αὐτοῦ
1043 3113 1100 3183 καί

158 3280 201 3331 20.
220 3275 242 3330 1⁴¹
260 3275 341 3343 (fines
359 3292 490 3332 uersuum
510 3275 625 3330 sustulit
643 3274 826 3331 resarcinatio
845 3274 1027 3344 pergameni).

85 3354 129 3402 21.
147 3343 325 3416 vbm(P¹1).
398 3353 440 3402 22.
460 3350 484 3400 A
504 3344 617 3416 (Coisl.).

158 3514 181 3562 1.
201 3506 266 3578 τοῦ]
285 3521 340 3562 om.
360 3523 387 3574 q.
457 3500 771 3578 πολλαπλασιαζόμενον
791 3522 816 3574 q.
896 3509 922 3558 2.
942 3503 1007 3575 καί]
1027 3502 1100 3572 (alt.)

87 3613 140 3651 om.
161 3614 187 3665 q.
262 3599 287 3650 3.
305 3591 395 3665 ήηονν
413 3586 518 3665 tm]
537 3585 623 3650 τοῦδ
643 3590 677 3648 τὰ
697 3605 708 3647 z
726 3611 753 3663 q.
822 3591 880 3648 ἔστι
914 3590 955 3647 ἔτι
974 3609 1000 3661 q.
1073 3595 1100 3646 4.

87 3666 116 3738 ὃ]
137 3683 192 3722 om.
212 3683 238 3752 μ.
325 3664 627 3790 τολλαττλαοιαήόμτνα
646 3682 673 3734 q.
760 3669 785 3719 5.
809 3659 860 3733 ἐφ’
895 3661 983 3735 αντά]
1007 3679 1054 3718 om
1072 3663 1099 3717 b.

123 3742 149 3793 9.
168 3754 351 3807 τμημαματος
368 3736 400 3790 F.
456 3742 497 3791 10.
536 3731 697 3805 ρθοχάνιον
716 3734 746 3789 Ρ.
803 3740 845 3790 16.
864 3732 895 3806 ή]
911 3732 983 3805 (alt.)
997 3750 1051 3789 om.
1066 3731 1099 3789 V.

126 3814 167 3864 18.
186 3805 502 3877 πολλαπλασιαζομίνον
520 3823 558 3861 m.
644 3811 688 3862 21.
707 3804 777 3862 ἔστω
795 3822 834 3862 m.
919 3811 966 3862 λλ.
984 3800 1110 3866 τὸδιλατ

87 3882 191 3950 χωρίον
209 3879 239 3948 ᾗ]
258 3883 276 3948 ᾗ
293 3874 385 3948 η”νονν
402 3874 435 3933 τδ
452 3873 510 3937 α’τδ
530 3879 581 3953 τῆς
599 3890 611 3938 ἰ
628 3877 664 3940 V.
737 3886 787 3943 Ἃ.
803 3873 879 3958 δή
894 3873 944 3940 ὅτ’
973 3881 1009 3936 λι.
1065 3956 1071 3966 .
