2414 4236
357 521 628 575 PROLEGOMENA
646 520 799 575 omnen.
998 517 1086 575 XCIX

63 664 243 720 definitiones
270 663 424 719 nonnullse
452 679 488 718 ex
515 659 604 716 Elem.
626 660 675 718 lib.
699 659 712 714 1
740 661 913 716 edseruntnr.
959 667 1085 717 ceterum

63 743 215 800 lauritius
234 743 343 799 Cantor
364 742 394 797 in
416 741 489 797 libre
514 741 630 812 egregie
653 741 722 810 „Die
740 742 918 797 roemischen
935 741 1083 812 Agrimen-

64 826 162 881 eeren“
182 821 301 895 Leipzig
315 827 385 878 1876
399 821 617 889 demonstrauit,
635 836 684 877 ees
697 822 832 892 pleraque
845 837 902 877 non
912 839 947 877 ex
956 822 1083 893 Euclide,

63 904 157 960 sodex
166 905 279 959 Herone
287 902 394 973 petisse
403 900 517 972 ingenio
525 898 673 972 operisque
680 917 783 972 genero
790 902 826 955 iis
833 902 924 972 megin
934 901 1078 958 familiari.

65 983 152 1039 etiem
175 998 249 1052 qnee
270 981 300 1037 in
323 980 485 1052 fragmento
505 979 656 1036 Censorino
679 981 823 1052 adscripto
841 980 1018 1052 (Censorinus
1038 982 1081 1038 ed.

64 1061 186 1118 Hultsch
208 1080 237 1133 p.
256 1063 374 1130 60-66)
398 1077 432 1116 ex
449 1060 605 1116 Elementis
623 1063 817 1131 transsumpto
836 1061 914 1128 sunt,
937 1060 1013 1116 intre
1030 1061 1081 1116 dc-

63 1141 216 1209 flnitiones,
225 1139 380 1212 postulato,
393 1138 556 1196 communes
565 1141 761 1212 conceptiones
772 1157 801 1197 se
811 1140 964 1196 continent.
983 1143 1081 1197 temen

63 1219 212 1277 Elementa
221 1220 326 1276 sensim
335 1220 423 1275 etiam
433 1221 511 1290 epod
520 1222 663 1278 Romanos
674 1219 705 1274 in
715 1220 851 1277 circulum
862 1218 966 1274 artium
979 1220 1082 1276 libern-

63 1299 135 1356 lium
158 1303 273 1371 recepte
291 1303 357 1355 sunt
380 1300 440 1370 (cir.
460 1299 565 1370 Ussing
583 1299 742 1371 Erniehung
767 1318 792 1354 n.
812 1298 1083 1368 Jugendunterricht

64 1379 112 1436 bei
134 1380 191 1434 den
213 1379 352 1435 Griechen
374 1396 402 1435 n.
421 1379 518 1434 Reem.
543 1397 571 1450 p.
593 1382 667 1450 188);
694 1395 762 1434 nam
784 1379 940 1434 Martianus
963 1375 1081 1447 (lapella

65 1459 112 1528 Vl,
123 1465 178 1516 '124
191 1460 266 1515 bend
280 1457 399 1515 obscure
413 1457 518 1527 innuit,
532 1457 679 1513 Elementa
692 1460 753 1512 tum
767 1455 1081 1528 omnibusphilesophis

65 1541 144 1595 certe
161 1537 314 1595 familiaris
331 1536 429 1594 luisse.
459 1537 509 1593 sed
523 1536 584 1593 sine
597 1537 683 1592 dubie
697 1537 802 1592 Graece
816 1535 991 1604 legebantur.
1016 1553 1082 1592 nam

63 1633 139 1687 quoe
157 1617 276 1688 capelle
292 1617 340 1687 Vl,
358 1622 411 1673 ‘108
421 1634 463 1686 sq.
484 1616 579 1685 hebet,
598 1614 660 1687 ipss
679 1616 815 1672 eGreeeo
832 1615 912 1670 fonte
932 1616 1080 1686 excerpsit,

64 1701 96 1752 ut
118 1696 229 1753 Graeca
250 1697 338 1752 uerbs
359 1695 486 1766 plurime
507 1697 659 1753 ostondunt
681 1693 813 1764 (conferri
835 1697 942 1765 potest,
969 1695 1045 1765 qued
1069 1694 1082 1747 1

64 1776 147 1832 deit
167 1776 242 1832 falso
254 1775 354 1832 uertit:
373 1777 529 1846 „punctum
547 1790 614 1829 uere
633 1774 783 1843 eutonius
802 1791 867 1845 pars
886 1775 976 1830 nihil
994 1776 1081 1844 eat‘⁵);

66 1856 116 1912 sed
135 1857 247 1926 dubito,
273 1873 311 1912 an
331 1872 389 1912 nen
414 1873 448 1912 ex
471 1852 588 1908 Euclide
606 1853 668 1923 ipso
691 1855 751 1922 (cir.
771 1853 889 1910 Studien
907 1873 935 1925 p.
955 1860 1007 1910 202
1022 1858 1083 1923 sq.).

66 1934 97 1990 in
114 1935 285 2006 quibusdam
304 1952 367 1992 cum
381 1935 493 1989 Herone
511 1931 632 2002 aliisque
650 1933 774 1988 fontibus
794 1935 912 1990 uetustis
932 1934 1080 2002 censentit,

65 2017 148 2073 uelut
168 2015 245 2086 qnod
268 2016 391 2084 quinque
413 2013 525 2069 tentum
547 2013 705 2083 postulate,
733 2015 790 2069 tria
812 2015 955 2071 axiomata
977 2014 1079 2080 habet;

65 2095 123 2167 lp.
143 2102 168 2165 4,
189 2102 205 2149 t
224 2110 289 2150 oum
306 2092 468 2160 Ammonio,
486 2091 652 2163 Philonem,
671 2093 750 2163 aliis,
769 2112 797 2164 p.
816 2100 842 2164 8,
861 2100 877 2150 9
897 2111 960 2150 cum
978 2092 1080 2150 Preclo

64 2176 195 2245 aliisque,
212 2191 240 2245 p.
260 2179 286 2240 8,
306 2180 339 2229 17
358 2189 422 2227 cum
441 2173 464 2227 E
483 2173 513 2227 et
528 2173 630 2228 Procle
648 2174 802 2242 censentit;
821 2174 851 2229 in
868 2173 881 2226 I
900 2174 955 2229 des.
972 2180 1005 2229 16
1023 2173 1080 2243 pri·

63 2270 141 2310 mum
163 2255 276 2309 tantum
298 2251 442 2324 glossema
464 2251 565 2320 habet,
592 2250 605 2305 I
625 2271 652 2323 p.
673 2260 703 2321 6,
724 2260 738 2308 l
762 2254 813 2308 ree
832 2252 938 2308 κύκλου
963 2251 1079 2320 emittit,

64 2331 258 2389 definitionem
276 2333 417 2402 segmenti
434 2347 492 2386 non
511 2330 605 2387 hebet.

135 2414 262 2468 ceterum
281 2411 381 2467 eodem
398 2410 459 2466 fers
476 2412 604 2483 tempere
623 2415 756 2468 cenatum
774 2431 833 2469 esse
852 2412 943 2467 uirum
958 2412 1082 2481 aliquem

64 2493 179 2548 doctum
189 2490 337 2547 Elementa
346 2489 448 2546 latine
463 2491 627 2548 conuertere
642 2496 754 2549 constet
764 2510 780 2548 e
790 2491 886 2548 codice
896 2490 1081 2563 palimpsesto

65 2571 221 2628 Ueronensi
239 2588 279 2627 nr.
299 2576 335 2626 40
358 2570 472 2642 (Blume
495 2573 553 2627 Iter
570 2571 631 2627 itel.
650 2571 663 2626 I
680 2589 709 2642 p.
728 2577 805 2642 263),
828 2591 912 2641 quem
930 2571 1083 2642 descripsit

63 2651 222 2709 Guilelmus
236 2650 420 2707 Studemend
451 2651 577 2706 continet
593 2650 754 2722 tegmenta
767 2652 905 2708 uersienis
919 2651 1082 2708 liberrimae

63 2730 110 2787 nel
132 2731 229 2804 potius
251 2730 424 2787 reductionis
446 2747 539 2788 nonae
557 2732 769 2788 Elementorum
792 2732 860 2788 libb.
879 2731 1020 2786 ΙΙΙ-ΧΙΙΙ
1038 2733 1081 2800 (in

63 2810 162 2867 codiee
184 2813 368 2866 numerantur
385 2808 451 2866 xlv
474 2813 504 2866 et
521 2810 585 2881 XV,
614 2812 690 2880 qued
715 2829 771 2880 que
796 2812 879 2867 modo
902 2812 1009 2867 fectum
1034 2811 1079 2878 sit,

63 2907 121 2946 non
139 2891 287 2960 intellege,
304 2888 362 2946 nisi
379 2890 452 2946 ferte
469 2907 535 2961 pers
549 2893 593 2946 est
606 2889 722 2946 maioris
736 2891 828 2960 operis
843 2890 1080 2961 encyelopaedioi)

64 2968 122 3025 alie
141 2967 367 3040 propositionum
386 2968 491 3025 ordine.
518 2969 608 3025 codex
625 2971 825 3041 palimpsestus
843 2970 949 3026 saeculi
967 2969 1080 3026 fere-IV

62 3066 127 3106 esse
149 3051 241 3106 fertur
264 3053 295 3106 et
316 3051 377 3106 sine
400 3049 486 3105 dnbio
508 3050 602 3121 ipsum
624 3051 768 3119 exemplar
789 3050 1014 3120 inwpreteteris
1039 3050 1083 3102 est

62 3131 146 3199 (haec
165 3126 272 3184 Cantor
293 3129 490 3200 Vorlesungen
513 3128 561 3183 ab.
580 3128 679 3184 Geseh.
698 3130 748 3185 der
770 3129 858 3185 Math.
878 3129 891 3182 1
912 3146 939 3199 p.
959 3133 1012 3182 478
1027 3144 1081 3194 sq.;

63 3224 131 3264 nam
150 3207 361 3264 Studemundus
379 3207 443 3278 ipse
460 3207 586 3263 nondum
604 3208 674 3264 haee
692 3208 851 3279 fragmenta
868 3206 978 3276 edidit).
1014 3221 1083 3259 num

63 3287 243 3358 propesitum
257 3304 338 3343 snum
355 3288 393 3343 ad
407 3289 493 3344 finem
505 3285 675 3359 perduxerit,
693 3286 842 3355 nescimus,
860 3301 951 3355 neque
968 3284 1083 3339 omnine

63 3366 98 3423 do
116 3366 240 3437 rationo,
259 3383 332 3438 quse
350 3366 425 3425 inter
443 3369 516 3424 hanc
533 3366 797 3438 interpretationem
811 3367 973 3435 ceterosque
990 3366 1083 3420 lentes

62 3445 231 3513 intercedit,
252 3447 408 3517 quidquam
434 3449 555 3503 constat
601 3446 721 3518 primus,
744 3448 778 3501 ut
799 3444 926 3513 uidetur,
951 3445 1083 3500 Latinam

62 3525 330 3599 interpretationem
355 3526 568 3583 Elementorum
594 3525 676 3582 dedit
702 3525 817 3581 Boetius
846 3528 886 3594 (e.
913 3524 1084 3581 Cossiodorii

63 3622 123 3661 nar.
141 3605 170 3677 1,
188 3610 224 3662 46
251 3605 488 3662 trmsletieoibus
511 3607 586 3661 enim
609 3604 667 3662 tuis
685 3649 692 3661 .
707 3648 737 3662 ..
782 3604 971 3660 Nicomachus
996 3603 1083 3660 erith-

64 3683 199 3755 metieus,
222 3685 411 3756 geometricus
433 3685 567 3742 Euclides
590 3685 743 3740 audiuntur
763 3682 910 3751 Ausoniis3
938 3685 987 3740 cfr.
1007 3682 1085 3738 idem

67 3762 102 3818 ds
119 3765 259 3835 geometr.
273 3783 301 3835 p.
316 3769 369 3823 tlt
384 3765 530 3822 Euclidem
547 3763 717 3820 unuslatnm
733 3763 764 3817 in
781 3763 941 3820 &manem
957 3762 1092 3837 linguam

65 3844 141 3900 idem
164 3844 209 3900 oir
231 3846 397 3917 magnificus
415 3844 533 3902 Boetins
555 3842 662 3919 dedit);
691 3844 881 3920 quadriuium
904 3849 999 3923 enlm,
1023 3843 1109 3920 quod

904 3945 944 4024 g*
