2414 4236
337 466 519 515 APPENDIX
538 464 809 517 οοΗοιιοοοοιι
1019 462 1084 527 683

71 607 290 688 εἰκοσαέδρου
323 608 501 672 δείκνυται.
553 605 609 672 καί
634 615 652 672 ἒ
682 601 747 690 ὔρα
774 601 814 670 τά
842 601 907 672 άπὸ
933 609 992 691 τῆς
1015 611 1085 672 KA

74 722 129 779 ίσα
152 711 242 797 τρισί
265 723 336 789 τοῖς
358 708 425 779 άπὸ
449 719 527 779 ΔΗ
544 713 599 779 καὶ
622 710 711 795 τρισί
732 723 803 788 τοῖς
825 708 891 777 άπὸ
915 716 990 778 ΗΓ.

142 821 189 885 16.
221 814 279 897 Ὡς
306 816 344 885 τὸ
374 815 439 885 άπὸ
464 825 496 884 A
503 824 532 885 Β
558 827 618 902 τῆς
647 817 827 902 διαμέτρου
853 820 912 903 τῆς
940 822 1085 903 σφαίρας

72 922 154 1008 πρὸς
176 921 214 991 τὸ
239 921 303 991 άπὸ
326 927 386 1010 της
405 930 483 990 ΔΗ
499 926 646 1006 πλευράς
669 920 773 1009 οὔσης
794 927 855 991 τοῦ
873 923 994 1009 κύβου·
1018 929 1085 1012 ἔχει

72 1030 110 1097 δὲ
142 1034 361 1115 τριπλασίονα
394 1027 498 1115 λόγου
531 1027 588 1096 διδ
620 1025 658 1097 τὸ
692 1027 740 1114 ιη’
767 1033 829 1096 τού
862 1028 909 1115 ιγ’
937 1034 1083 1116 βιβλίου·
1121 1054 1137 1104 5

71 1133 178 1214 οὔτως
204 1133 242 1203 τὸ
271 1133 337 1202 άπὸ
365 1139 424 1221 τῆς
451 1138 513 1202 τοῦ
541 1141 575 1201 K
579 1141 644 1202 ΛΘ
675 1134 843 1221 τριγώνου
871 1134 1084 1222 ἰσοπλεύρου,

71 1243 104 1321 ἐξ
129 1232 230 1309 οὔτὸ
255 1239 472 1327 εἰκοσάεδρον
495 1238 741 1327 άναγράφεται,
769 1240 852 1325 πρὸς
874 1240 912 1310 τὸ
936 1240 1002 1310 άπὸ
1026 1245 1085 1328 της

71 1353 155 1415 ΜΝ
175 1349 210 1415 ίκ
232 1351 293 1415 τοῦ
316 1348 459 1431 κέντρου
482 1347 586 1432 οὔσης
608 1349 670 1414 τοῦ
693 1346 830 1431 κύκλου,
853 1350 890 1416 ἐν
914 1341 940 1440 ᾧ
963 1347 1001 1416 τὸ
1019 1375 1084 1417 τοι·

71 1457 173 1520 οὗτον
192 1451 394 1539 ἐγγράφεται
412 1457 591 1539 τρίγωνον,
611 1450 720 1520 διὰτὸ
737 1452 784 1539 ιβ’
798 1458 860 1521 τοῦ
875 1454 922 1540 ιγ’
936 1460 1085 1541 βιβλίου·

69 1558 126 1625 καὶ
150 1559 304 1639 ἐναλλάξ·
340 1557 426 1626 ἀλλὰ
453 1564 529 1643 τρία
555 1555 596 1626 τά
625 1554 689 1626 άπὸ
713 1561 772 1644 της
795 1565 872 1627 ΔΗ
896 1568 953 1627 ίσα
974 1573 992 1628 ἒ
1015 1575 1084 1640 τοῖς
1104 1585 1138 1632 10

68 1661 134 1732 άπὸ
155 1671 242 1733 ΜΝ.
276 1663 384 1750 ἓῦρα
406 1663 446 1732 τὰ
470 1662 536 1732 άπὸ
557 1671 626 1731 ΚΛ
650 1671 707 1731 ίσα
729 1665 818 1751 τρισὶ
836 1678 907 1744 τοϊς
925 1663 990 1733 ἀπὸ
1010 1673 1084 1736 AB.
1141 1732 1144 1737 .

69 1771 167 1840 πέντε
190 1763 254 1840 οὖν
275 1769 316 1839 τά
341 1767 406 1840 άπὸ
431 1775 489 1858 τῆς
504 1777 538 1839 Κ
542 1778 572 1838 Α
596 1779 651 1838 ίσα
671 1774 804 1838 ἔσονται
822 1772 912 1857 τρισὶ
929 1785 999 1852 τοῖς
1017 1770 1083 1840 άπὸ

71 1885 155 1963 ΔΗ,
174 1883 249 1945 ΗΓ.
287 1875 377 1957 ὅπως
401 1877 437 1944 δὲ
460 1878 559 1945 πέντε
581 1875 622 1944 τὰ
646 1873 712 1944 άπὸ
732 1883 801 1944 ΚΛ
824 1885 880 1945 ἴσα
902 1878 991 1965 τρισὶ
1013 1891 1084 1958 τοϊς

70 1980 136 2051 άπὸ
152 1990 228 2067 AB,
254 1986 372 2069 δῆλον·
395 1984 466 2051 ἐπεὶ
488 1983 554 2070 γάρ
576 1983 614 2051 τὸ
640 1982 701 2068 μὲν
720 1980 786 2050 άπὸ
804 1987 864 2071 της
878 1992 943 2052 ΑΒ
965 2008 1084 2052 πεντα-

69 2090 213 2155 πλάσιον
226 2091 289 2155 τοῦ
301 2085 367 2155 άπὸ
381 2092 440 2174 τῆς
454 2095 536 2156 ΜΝ
551 2091 587 2156 ἐκ
600 2090 742 2174 κέντρου
757 2088 860 2176 οὔσης
872 2094 934 2158 τού
946 2089 1083 2177 κύκλου,
1103 2114 1138 2164 ιο

70 2185 97 2285 ᾦ
121 2192 323 2279 ἐγγράφεται
345 2192 382 2262 τὸ
404 2192 608 2278 ἰσόπλευρον
625 2199 804 2280 τρίγωνον,
827 2197 865 2264 τὸ
885 2195 923 2264 δὲ
940 2194 1007 2264 άπὸ
1026 2201 1084 2283 τῆς

70 2303 215 2384 πλευρᾶς
241 2303 303 2367 τοῦ
329 2301 487 2367 τοιούτου
513 2297 683 2385 τριγώνου
710 2299 906 2383 τριπλάσιον
933 2306 995 2369 τοῦ
1017 2299 1083 2371 άπὸ

69 2416 128 2490 τῆς
151 2412 244 2490 ΜΝ,
273 2403 333 2473 ἐάν
361 2404 399 2474 τὸ
423 2404 670 2474 πενταπλάσιον
691 2413 939 2495 τριπλασιασθη
966 2409 1022 2476 καὶ
1044 2436 1083 2478 το

68 2511 267 2595 τριπλάσιον
290 2520 597 2599 πενταπλασιασθη,
621 2511 858 2598 ίσωθησονται.
900 2512 952 2581 ὅτι
972 2513 1009 2582 δὲ
1027 2516 1083 2582 καὶ

69 2624 145 2701 τρία
167 2617 207 2684 τά
231 2615 297 2686 άπὸ
320 2623 390 2686 τών
414 2671 443 2687 ..
467 2625 544 2686 ΔΗ
568 2619 623 2686 καὶ
648 2624 729 2703 ΗΓ,
755 2623 815 2705 της
841 2617 1083 2708 ὑποτεινούσης
1102 2647 1136 2695 20

70 2726 155 2810 λέγω
182 2728 245 2811 τὴν
272 2729 333 2793 τοῦ
364 2724 583 2811 πενταγώνου
615 2731 743 2811 γωνίαν
774 2726 830 2792 καὶ
856 2730 915 2813 τῆς
937 2731 1083 2812 πλευρᾶς

68 2841 130 2899 τοῦ
153 2830 386 2917 πενταγώνου,
415 2839 471 2898 ίσα
498 2831 586 2914 τρισί
609 2845 679 2912 τοϊς
702 2830 767 2900 άπὸ
791 2838 872 2916 AB,
901 2835 1006 2918 δῆλον
1030 2835 1081 2901 ἐυ-

68 2941 206 3006 τεῦθεν·
243 2940 408 3006 δέδεικται
436 2938 472 3004 ἐν
500 2936 527 3004 ι’
550 2942 612 3006 τοῦ
640 2937 687 3024 ιγ’
715 2943 866 3025 βιβλίου,
899 2935 944 3018 ὥς
972 2937 993 3025 ἡ
1020 2945 1081 3008 τοῦ

69 3044 288 3132 πενταγώνου
319 3040 446 3131 πλευρὰ
479 3042 622 3112 δύναται
650 3042 712 3130 τὴν
739 3049 801 3113 τοῦ
829 3044 1000 3130 ἑξαγώνου
1026 3048 1081 3115 καὶ

70 3151 266 3237 δεκαγώνου
288 3153 357 3219 τών
380 3154 427 3229 είς
449 3148 510 3218 τὸν
534 3147 639 3218 αὐτὸν
661 3150 788 3219 κύκλον
811 3152 1081 3238 ἐγγραφομένων.
1101 3179 1135 3229 25

70 3256 140 3323 ἐπεὶ
160 3250 224 3325 οὖν
243 3260 280 3325 ἐν
294 3260 340 3347 τῷ
355 3257 583 3343 προρρηθέντι
600 3257 795 3344 θεωρήματι
813 3258 949 3342 ἐδείχθη
963 3255 1002 3325 τὸ
1017 3256 1081 3327 άπὸ

78 3403 282 3411 -----———

143 3467 467 3537 πυωμαη

142 3671 167 3717 3.
186 3659 218 3717 τὸ
238 3657 310 3734 άπό]
330 3679 483 3730 suprascr.
504 3663 537 3718 V.
602 3669 628 3717 4.
647 3659 679 3717 τὸ
698 3657 770 3735 άπό]
790 3680 943 3733 suprascr.
963 3665 995 3719 V.
1057 3673 1081 3722 7.

68 3732 113 3807 τό]
127 3734 200 3805 (alt.)
221 3750 306 3804 supra
321 3749 372 3788 scr.
387 3732 420 3789 V.
479 3739 520 3790 1⁶.
536 3730 593 3788 άπὸ
607 3734 668 3805 τῆς]
689 3750 773 3804 supra
787 3750 838 3790 scr.
854 3731 889 3789 V.
946 3740 988 3789 20.
1008 3737 1081 3793 Ante

70 3813 95 3860 A
102 3811 130 3860 H
148 3806 287 3875 quaedam
306 3820 385 3860 enan.
459 3806 525 3877 καί]
545 3821 699 3876 suprascr.
722 3805 753 3860 V.
