2414 4236
227 514 383 569 scnom
400 516 439 568 m
456 515 731 569 ELEMENTOBUM
748 516 887 568 LIBRUM
899 517 933 570 X.
1016 513 1084 580 425

71 655 215 743 δυνάμει
235 654 420 744 σύμμετροί
436 659 500 724 είσι
519 653 643 743 μόνον,
675 655 716 724 οὐ
734 654 801 742 μὴν
819 655 874 724 καί
893 657 996 744 μήκει.
1027 658 1083 725 καὶ

70 762 122 832 ὅτι
136 763 199 850 μὲν
212 762 309 850 μήκει
325 759 387 831 οὐκ
400 762 465 830 είσί
480 760 672 850 σύμμετροι,
692 766 811 849 δῆλον·
834 760 954 849 οὐγὰρ
969 768 1083 849 έχουσι

69 868 188 939 κοινὸν
202 869 336 956 μέτρον·
357 869 409 936 ότι
426 867 464 936 δὲ
478 864 498 956 ή
514 867 701 949 πεντάπους
714 873 754 957 τῇ
769 869 1084 939 πεντεκαιδεκάποδι

70 975 212 1062 δυνάμει
242 973 429 1063 σύμμετρός
457 977 541 1061 ἐστι,
570 978 687 1061 δῆλον·
724 973 764 1043 τά
791 974 856 1063 γὰρ
889 971 945 1043 ἀπ’
971 973 1084 1046 αὐτῶν

67 1083 261 1170 τετράγωνα
284 1080 324 1150 τδι
343 1087 380 1150 ᾗ
403 1082 459 1149 καὶ
479 1086 536 1150 σ-κε
561 1085 606 1175 τῷ
630 1079 720 1174 αὐτῷ
743 1087 855 1172 χωρίῳ
874 1085 1082 1168 μετροῦνται.
1119 1110 1137 1162 5

70 1196 135 1277 ἔχει
164 1189 201 1258 δέ
228 1188 283 1256 καὶ
308 1186 326 1257 ό
352 1193 409 1257 ’σίῑε
435 1187 519 1275 πρὸς
545 1187 606 1256 τὸν
628 1194 666 1257 fc}
694 1190 940 1258 ἐνναπλασίονα
968 1188 1083 1277 λόγον,

70 1286 168 1365 αὗται
192 1297 244 1383 δέ,
273 1296 358 1382 λέγω
387 1293 429 1381 δή
458 1297 495 1362 αί
520 1293 603 1381 πρὸς
626 1291 772 1380 ἀλλήλας
795 1296 991 1385 σύμμετροι,
1019 1303 1083 1366 εἴτε

72 1401 214 1489 δυνάμει
236 1401 292 1469 καί
311 1401 409 1490 μήκει
432 1401 497 1469 είσὶ
518 1400 701 1487 σύμμετροι
719 1410 785 1470 είτε
805 1401 946 1490 δυνάμει
965 1401 1083 1490 μόνον,

72 1509 169 1596 ῥηταὶ
192 1510 356 1594 λέγονται.
392 1512 591 1576 καλείσθω
616 1499 731 1593 οὖνὴ
756 1516 998 1596 προτεθεῖσα
1021 1507 1083 1577 εό-

71 1623 164 1683 θεῖα
188 1614 292 1701 ῥητή.
328 1624 553 1702 προτεθεῖσαν
568 1612 706 1682 εὐθεῖαν
720 1616 805 1701 λέγω
819 1612 881 1702 τήν
896 1616 1083 1703 δεδομένην
1103 1646 1137 1696 10

71 1720 153 1808 ἡμῖν
182 1718 227 1801 ῶς
255 1717 363 1808 ἀρχὴν
389 1720 444 1788 καὶ
468 1721 591 1808 μέτρον
618 1720 674 1788 καὶ
703 1721 807 1789 οἱονεί
840 1720 969 1790 κανόνα
1001 1719 1085 1809 πρὸς

72 1829 269 1915 ἐκμέτρησιν
292 1839 417 1916 μηκῶν.
464 1825 525 1914 τήν
554 1819 617 1895 οὖν
646 1829 679 1908 ἐξ
711 1824 904 1909 ὑποθέσεως
934 1831 1006 1912 καί,
1040 1824 1085 1908 ὡς

73 1932 173 2016 αὐτὸς
188 1932 206 2002 ὁ
223 1931 408 2021 Εὐκλείδης
422 1935 521 2020 λέγει,
535 1935 630 2003 θέσει
644 1935 903 2022 λαμβανομένην
919 1931 963 2016 ῶς
977 1931 1084 2022 ἀρχὴν

70 2040 127 2109 καί
151 2041 273 2127 μέτρον
297 2044 344 2120 είς
367 2041 563 2126 έκμέτρησιν
586 2043 701 2126 μηκῶν
730 2038 835 2126 ῥητήν
863 2047 965 2109 καλεῖ.
1011 2035 1085 2109 οἷον

74 2155 107 2214 εί
126 2172 175 2226 τις
199 2143 348 2237 ἐρωτῶη,
380 2144 488 2214 πόσον
516 2147 584 2214 έστὶ
611 2145 794 2231 τὸμεταξύ
823 2145 989 2233 διάστημα
1016 2157 1085 2215 τῶν
1105 2175 1138 2226 15

72 2249 303 2339 ὑποκειμένων
326 2257 482 2339 σημείων,
508 2250 609 2321 οὐδὲν
634 2248 677 2319 άν
702 2257 833 2338 ἔχοιμεν
855 2252 976 2337 λέγειν,
1000 2257 1032 2319 εί
1048 2251 1086 2321 δὲ

74 2358 220 2451 ἐρωτῴη,
240 2358 358 2426 πόσων
376 2359 444 2427 ἐστὶ
462 2364 579 2446 πηχῶν
597 2354 618 2444 ἦ
637 2360 765 2441 ποδῶν,
788 2353 974 2442 ἀναγκαῖόν
996 2360 1085 2425 ἐστιν

73 2465 161 2553 ἡμᾶς
180 2470 285 2533 αἰτεῖν
304 2464 506 2552 πηλικότητα
524 2466 655 2551 πήχεως
671 2464 727 2531 καὶ
741 2467 843 2545 ποδὸς
861 2464 917 2531 καί
935 2466 975 2551 τῇ
994 2472 1086 2550 πηλι-

73 2571 187 2659 κότητι
206 2575 268 2640 τοῦ
287 2572 415 2659 πήχεως
433 2568 454 2657 ἢ
474 2574 536 2639 τοῦ
554 2569 658 2651 ποδὸς
676 2571 868 2658 χρωμένους
885 2575 1084 2658 προτεθείσῃ

76 2676 121 2759 ῶς
144 2680 227 2766 ῥητῇ
256 2678 311 2745 καὶ
334 2679 453 2766 εὐθείᾳ
475 2676 513 2745 τὸ
538 2675 703 2763 προτεθὲν
727 2676 893 2764 διάστημα
915 2678 1084 2764 ἐξετάζειν,
1103 2705 1138 2756 20

73 2785 129 2853 καί
150 2789 180 2853 εί
198 2784 259 2870 μὲν
278 2781 523 2872 ἀπαρτιζόντως
541 2796 738 2870 καταμετρεῖ
753 2781 790 2850 τὸ
811 2781 986 2869 διάστημα,
1011 2777 1085 2851 οἷον

73 2891 223 2978 τετράκις
250 2887 271 2977 ή
295 2889 450 2968 πεντάκις
476 2885 497 2975 ἢ
523 2886 652 2976 ὁσαχῶς
680 2887 803 2976 ἄλλως,
831 2887 935 2976 ήητδν
963 2886 1007 2958 άν
1034 2899 1085 2977 είη

74 2996 112 3067 τὸ
127 3009 283 3066 τοιοῦτον
298 2995 463 3082 διάστημα
477 2996 668 3064 πεντάπουν
683 2991 703 3081 ἢ
718 2994 920 3082 πεντάπηχυ,
935 3000 967 3063 εί
977 2995 1086 3083 τύχοι·

75 3111 104 3172 εί
122 3104 159 3171 δέ
177 3101 373 3191 ὑπερβαίνει
390 3098 411 3188 ἢ
432 3104 583 3188 ἐλλείπει,
603 3100 751 3188 άρρητον
770 3106 870 3170 ἔσται.
904 3109 1087 3188 σαφηνείας

77 3210 115 3279 δέ
139 3211 239 3298 χάριν
262 3207 353 3277 τιτὸ
377 3209 556 3294 ἀπαρτίζον
580 3207 687 3288 οὕτως
709 3221 841 3295 μετρεῖν
864 3209 964 3277 ἐστιν.
1000 3214 1082 3278 ἔστω
1102 3232 1137 3283 οε

76 3314 95 3386 ό
124 3316 222 3384 ἐννέα
252 3314 308 3381 καὶ
332 3311 349 3381 ὁ
374 3316 392 3379 ῖ
414 3313 469 3380 καὶ
494 3310 511 3380 ὁ
535 3325 556 3380 f
584 3311 738 3400 άρνθμός.
785 3310 803 3381 ό
831 3312 893 3399 μὲν
920 3306 985 3382 οὖν
1011 3320 1087 3401 τρία

75 3413 182 3512 τδνθ
206 3418 451 3506 ἀπαρτιζόντως
469 3432 593 3506 μετρεῖ·
616 3420 687 3506 τρὶς
704 3417 769 3506 γὰρ
789 3420 963 3500 συντεθεὶς
981 3417 1086 3488 αὐτὸν

75 3528 287 3616 μεμέτρηκεν.
336 3522 529 3611 ὑπερβαίνει
552 3523 590 3592 δὲ
617 3551 678 3593 τον
701 3536 739 3610 η,
771 3526 912 3594 ἐλλείπει
939 3526 976 3595 δὲ
1004 3529 1088 3613 πρὸς

75 3634 135 3702 τὸν
163 3637 190 3701 ῖ.
236 3630 414 3717 νενοήσθω
443 3630 484 3718 δὴ
514 3632 569 3699 καὶ
594 3627 612 3699 ό
636 3637 657 3717 χ
683 3631 738 3698 καὶ
767 3630 830 3719 δη
857 3632 913 3700 καί
937 3630 955 3700 δ
978 3624 1008 3700 θ
1031 3633 1087 3701 καί

149 3871 192 3920 24.
209 3861 349 3920 ἐλλείποιλ
359 3881 386 3932 q.
441 3868 483 3919 25.
498 3862 537 3936 τι]
551 3877 608 3933 seq.
619 3865 794 3935 οοτῐορλοῐο.
846 3862 1111 3935 Ἡπολςχτηεῑςθε
