2414 4236
198 464 354 544 scnom
372 492 410 542 ιω
428 490 703 543 ammom
719 491 859 543 mauu
872 482 940 543 vlt
1005 486 1069 552 381

57 629 142 720 πρὸς
164 624 332 717 ἀλλήλους
354 634 434 717 εἰσί,
462 628 522 699 τὸυ
546 629 584 699 δὲ
607 631 668 698 ἕνα
690 625 804 698 αὐτῶν
826 627 886 698 τάν
910 635 942 698 Γ
960 642 1074 718 μετρεέ

59 737 77 806 6
92 745 133 824 Ε,
155 742 264 819 καλῶς
282 735 349 826 ἀρα
367 735 450 826 πρὸς
467 736 529 805 τὸυ
547 735 669 806 λοιπὸν
688 733 801 804 αάτωυ
815 733 877 804 τὸν
889 743 923 803 A
940 735 1072 825 τιροῖτάς

51 846 157 918 ,έστιτα

415 1007 471 1072 Ad
494 1027 597 1090 prop.
620 1004 722 1071 XXV.

126 1131 179 1196 59.
217 1122 302 1196 Οἷου
325 1126 343 1195 6
367 1118 463 1210 ξααῖ
483 1133 502 1195 ἓ
526 1130 650 1215 πρῶτοι
673 1123 759 1214 πρὸς
781 1123 955 1222 ἀλλήλους.
996 1119 1072 1194 οἷον
1109 1149 1125 1200 6

58 1233 189 1321 βούλει,
221 1240 513 1327 μολυτιλασίασου,
544 1232 600 1300 καὶ
624 1237 715 1299 ἔσται
743 1230 761 1300 6
785 1231 967 1319 γενόμενος
989 1228 1073 1319 πρὸς

58 1341 120 1409 τάν
141 1339 262 1409 λοιπὸν
290 1338 450 1420 ὡσαύτως
472 1343 611 1428 πρῶτος.
656 1341 687 1406 εἰ
714 1338 752 1408 δὲ
778 1338 834 1406 καὶ
862 1335 1073 1426 ἀμφοτέρους

37 1446 356 1533 ·τιολυτιλασιάσεις,
393 1449 429 1514 oc
463 1447 497 1527 ἐξ
529 1441 729 1533 ἀμφοτέρων
761 1442 938 1532 γευόμενοι
970 1444 1072 1513 τιάλιυ

60 1552 143 1640 πρὸς
166 1550 331 1641 ἀλλήλους
354 1555 485 1640 πρῶτοί
505 1555 601 1620 εἰσιν.

403 1820 459 1886 Ad
482 1842 589 1904 prop.
611 1819 730 1886 XXVI.
1093 1839 1126 1890 10

127 1948 179 2014 60.
212 1941 308 2030 Ἐάν,
332 1948 454 2031 φησίν,
478 1944 514 2009 οἱ
534 1950 581 2027 A,
605 1949 632 2009 B
657 1940 843 2030 ἀμφότεροι
865 1943 948 2029 πρὸς
965 1941 1027 2009 τὸν
1047 1946 1079 2010 Γ

60 2052 188 2132 πρῶτοι
212 2040 311 2134 ὦσιν,
341 2045 467 2134 ὁμοίως
489 2046 591 2115 τιάλιυ
615 2050 650 2114 oc
670 2043 768 2115 αὐτοὶ
790 2056 838 2133 A,
862 2047 968 2116 Βοιαὶ
991 2047 1093 2134 πρὸς·
1203 2110 1206 2117 .

61 2150 123 2221 τὸυ
137 2163 170 2221 Δ
188 2163 314 2241 πρῶτοι
333 2146 429 2239 dccv,
452 2158 553 2239 ἔστιν,
578 2149 716 2240 ἀλέγει·
741 2149 783 2221 οὐ
801 2153 865 2241 γὰρ
888 2154 987 2240 λέγει,
1011 2154 1073 2238 ὅτι,

61 2254 105 2326 ἀν
129 2256 147 2327 6
171 2268 204 2328 A
234 2257 319 2345 πρὸς
345 2257 406 2327 τὸν
426 2265 461 2328 Γ
487 2250 510 2349 ᾗ
536 2263 667 2346 πρῶτος
688 2260 744 2327 καὶ
768 2257 787 2328 6
811 2266 839 2327 Β
866 2257 969 2326 τιάλιυ
991 2256 1075 2345 πρὸς

61 2363 121 2432 τὸυ
141 2374 185 2449 Δ,
207 2362 292 2433 ἀλλά
316 2360 360 2434 ἀν
383 2368 419 2433 οἱ
435 2374 478 2452 A,
498 2372 526 2433 Β
549 2364 632 2452 πρὸς
654 2363 715 2433 τὸυ
733 2370 766 2433 Γ
784 2357 847 2433 ἀοι
869 2374 995 2451 πρῶτοι
1017 2365 1074 2433 καὶ
1093 2368 1126 2420 1⁶
1178 2416 1181 2421 ,

61 2470 164 2538 πάλιν
188 2473 224 2538 oc
244 2467 341 2539 αὐτοὶ
364 2482 406 2556 A,
430 2478 458 2539 Β
481 2470 565 2557 πρὸς
587 2471 649 2539 τὸυ
672 2479 705 2539 Δ
728 2462 792 2540 οἷσι
813 2473 949 2557 πρῶτοι.

130 2581 180 2645 61.
212 2576 387 2664 Ἑκάτερος
406 2574 471 2664 ἀρα
490 2581 559 2659 τῶν
575 2584 613 2664 Γ,
629 2587 663 2645 Δ
680 2575 764 2664 πρὸς
782 2576 842 2646 τὸυ
856 2585 888 2646 Ε
904 2603 934 2665 p.
949 2579 1024 2663 242,
1038 2580 1073 2661 9]

62 2680 119 2750 διὰ
141 2681 180 2752 τὸ
205 2677 352 2770 δοθῆναι
375 2682 455 2764 τοὺς
478 2693 520 2769 A,
544 2691 572 2751 B
598 2682 683 2771 πρὸς
706 2684 863 2770 έκάτερου
885 2687 954 2751 τῶν
976 2688 1015 2770 Γ,
1041 2692 1075 2751 Δ

61 2788 214 2877 πρώτους
228 2785 326 2875 εἶναι,
341 2793 511 2857 δείκνυται
526 2789 564 2857 δέ
579 2788 634 2858 ἀιά
644 2794 705 2859 τοῦ
714 2790 932 2878 θεωρήματος
941 2800 1002 2858 τοῦ
1012 2788 1074 2873 κδ’,

62 2892 126 2980 ὅτι,
149 2893 210 2962 έάυ
228 2894 291 2964 δύο
310 2892 453 2982 ἀριθμοὶ
473 2899 509 2963 oc
520 2904 562 2982 A,
578 2896 709 2983 Βαρός
726 2924 802 2965 τιυα
819 2895 881 2964 τὸυ
896 2905 929 2963 Δ
947 2899 1074 2982 πρῶτοι
1093 2917 1128 2967 20

62 2991 162 3086 ὦσιν,
194 3001 250 3068 καὶ
283 2998 301 3069 6
335 3003 368 3083 ἐξ
396 3000 510 3070 αὐτῶν
537 3004 717 3089 γενόμενος
744 2999 762 3070 6
787 3009 819 3070 E
848 3002 932 3088 πρὸς
958 3000 1019 3070 τὸν
1042 3010 1076 3069 Δ

61 3106 193 3193 πρῶτός
224 3109 324 3178 ἐστιν.
379 3106 501 3194 ὁμοίως
538 3107 596 3176 διὰ
627 3113 687 3177 τοῦ
721 3107 825 3177 αὐτοῦ
856 3106 1076 3196 θεωρήματος

62 3215 198 3302 ἐδείχθη
226 3215 282 3283 καὶ
307 3212 325 3283 6
350 3221 381 3282 Γ
404 3211 488 3301 πρὸς
513 3213 575 3282 τὸυ
597 3223 629 3283 E
653 3220 797 3303 πρῶτος·
833 3215 987 3302 έκάτερος
1009 3213 1076 3303 ἀρα

60 3323 129 3388 τῶν
153 3326 192 3406 Γ,
216 3329 249 3387 Δ
271 3318 355 3406 πρὸς
377 3318 438 3389 τὸν
463 3328 495 3389 Ε
515 3320 645 3409 τρωτός
668 3323 767 3390 ἐστιν.

134 3557 177 3605 ιο.
197 3549 243 3605 v⁴.
317 3551 441 3620 ⁶0.-vn,
457 3550 535 3620 (ιω).
608 3557 650 3606 οι.
670 3550 717 3606 v·.

135 3769 160 3818 2.
181 3758 303 3887 αάτοὸυρ7
311 3780 366 3819 om.
386 3730 419 3820 V.
450 3750 517 3819 ι18.
539 3761 625 3834 ἔστιν]
645 3760 724 3817 ἔσται
742 3779 768 3831 q.
830 3767 871 3820 18.
889 3762 968 3836 τούς]
990 3760 1023 3828 ²6⁸
1041 3762 1075 3819 V.
1137 3844 1142 3851 .

98 3830 182 3904 πρός]
204 3850 258 3889 om.
305 3875 311 3888 .
385 3835 453 3907 τοῖιν]
473 3834 540 3897 τούς
559 3835 592 3889 V.
665 3838 709 3892 21.
729 3834 768 3908 E}
785 3849 870 3894 em.
884 3833 926 3891 X.
