2414 4236
222 517 379 570 scnom
396 519 436 571 m
454 519 729 573 ELEMENTORUM
746 522 886 574 ωιοκοα
899 522 921 574 1.
1010 519 1071 584 127

56 661 164 727 δεῖται
181 658 239 726 καί
252 662 311 746 τῆς
323 658 550 746 καταφάσεως,
570 664 601 728 εί
618 662 729 747 μέλλει
749 666 957 730 δείκνυσθαι.
989 661 1074 731 άνευ

56 763 124 851 γὰρ
141 763 360 851 καταφάσεως
378 763 455 834 οὐτε
468 763 637 848 ἀπόδειξίς
651 769 742 835 ἐστιν
758 767 836 836 οὐτε
851 767 1074 856 συλλογισμὸς

59 869 187 955 οὐδείς,
210 869 267 937 καί
290 869 348 938 διά
369 874 469 939 τοῦτο
493 875 531 940 αί
550 870 777 940 ἀποδεικτικαὶ
797 877 867 942 τῶν
885 875 1073 961 ἐπιστημῶν

57 975 100 1044 τὰ
131 984 268 1046 πλείστα
299 991 537 1064 καταφατικολς
565 984 863 1065 συμπεραίνουσιν.
912 986 1008 1066 ἔλαβε
1036 981 1073 1048 δὲ

57 1082 96 1152 τὸ
121 1084 173 1151 ἐπί
195 1087 256 1170 τῆς
274 1082 377 1171 αὐτῆς
395 1082 541 1170 εὐθείας,
563 1084 684 1172 ἵναμὴ
704 1086 757 1153 ἐπὶ
776 1083 878 1170 ἄλλης
896 1087 951 1154 καί
971 1085 1073 1173 άλλης
1110 1112 1127 1161 ε

56 1188 194 1270 εὐθείας
217 1190 282 1258 δύο
302 1191 402 1258 δυσὶν
421 1199 495 1270 ίσας
514 1195 691 1277 δείκνυμεν
709 1193 765 1259 καὶ
783 1192 1073 1278 παραλογιζόμεθα

54 1295 135 1376 τοὺς
157 1300 199 1386 τῇ
221 1295 380 1383 προτάσει
399 1299 602 1384 χρωμένους.
639 1294 701 1385 οὐχ
720 1294 832 1377 ἁπλῶς
851 1298 889 1366 δὲ
909 1297 950 1366 οὐ
969 1301 1073 1385 φησίν

57 1400 337 1489 συσταλήσεσθαι
361 1402 424 1471 δύο
448 1404 548 1471 δυσὶν
567 1413 640 1500 ίσας
659 1407 711 1473 ἐπὶ
730 1409 788 1492 τῆς
808 1403 910 1491 αὐτῆς
928 1403 1074 1488 εὐθείας,

57 1507 132 1577 ἄλλ’
160 1510 317 1597 ἑκατέραν
350 1510 488 1600 ἑκατέρῳ
519 1508 701 1578 άδύνατον.
758 1509 859 1579 οὐδὲν
891 1509 955 1596 γάρ
988 1519 1073 1577 θαυ-

58 1613 192 1702 μαστὸν
214 1612 401 1703 ἀμφοτέρας
428 1613 632 1703 ἀμφοτέραις
659 1625 734 1697 ίσας
761 1624 878 1703 λαβεῖν
906 1620 974 1685 τῶν
1006 1619 1073 1683 ἐπι·
1094 1640 1128 1689 10

58 1721 315 1808 συνισταμένων
332 1719 394 1808 τὴν
413 1721 475 1809 μὲν
494 1725 698 1810 ἐκτείναντα,
717 1720 779 1810 τὴν
794 1723 832 1791 δὲ
846 1728 1073 1792 συστείλαντα.

58 1832 173 1914 τρίτον
204 1833 406 1914 προστίθησι
439 1827 476 1896 τδ
505 1828 590 1914 πρὸς
617 1827 706 1919 άλλῳ
733 1830 789 1896 καί
817 1827 906 1921 άλλῳ
935 1833 1074 1920 σημείῳ·

58 1932 209 2002 δυνατὸν
224 1931 290 2020 γάρ
304 1933 579 2021 προυφεστάσαις
593 1934 655 2003 δύο
671 1932 821 2015 εὐθείαις
834 1938 945 2004 ἐπάνω
961 1934 1074 2002 αὐτῶν

58 2044 195 2126 ποιῆσαι
218 2038 322 2120 ἄλλας
345 2039 408 2108 δύο
432 2042 485 2109 ἐπὶ
507 2045 569 2109 τοῦ
592 2039 699 2110 αὐτοῦ
723 2047 864 2128 σημείου
890 2043 945 2109 καὶ
973 2043 1074 2128 ἐφαρ-

57 2144 162 2232 μόσαι
184 2146 344 2235 ἑκατέραν
368 2147 514 2236 ἑκατέρᾳ.
559 2149 717 2233 τέταρτον
747 2148 799 2214 ἐπί
817 2145 858 2214 τά
882 2145 967 2214 αὐτά
990 2150 1072 2234 μέρη
1094 2169 1127 2217 15

56 2258 180 2339 φησίν,
211 2255 271 2320 ἵνα
298 2251 343 2339 μὴ
370 2253 432 2338 τὴν
460 2258 541 2340 μίαν
568 2251 709 2321 εὐθεῖαν
733 2250 858 2338 κοινὴν
881 2252 982 2336 βάσιν
1005 2277 1074 2320 ποι-

56 2358 193 2447 ήσωμεν
228 2355 406 2445 τριγώνων
437 2363 534 2428 δυεῖν
569 2360 629 2439 τὰς
661 2356 815 2444 κορυφὰς
846 2355 1075 2442 ἀντικειμένας

57 2464 206 2552 ἐχόντων
233 2461 295 2552 τὴν
323 2463 385 2551 μὲν
408 2465 462 2534 ἐπὶ
484 2490 521 2533 το
546 2467 662 2555 ἕτερον
691 2467 791 2551 μέρος
818 2462 981 2550 ἐχόντων,
1013 2461 1076 2550 τὴν

58 2569 96 2639 δὲ
113 2571 168 2639 ἐπὶ
185 2568 225 2639 τὸ
245 2572 369 2657 ἕτερον.
404 2572 554 2658 πέμπτον
572 2571 608 2640 τὸ
628 2573 669 2639 τὰ
689 2569 774 2639 αὐτὰ
793 2572 918 2659 πέρατα
939 2575 1075 2656 ἔχουσαι

56 2782 293 2870 συστήσασθαι
317 2781 358 2851 οὐ
380 2783 421 2852 τὰ
441 2783 525 2852 αὐτὰ
545 2791 680 2870 πέρατα,
704 2782 776 2852 ἀλλ’
797 2785 892 2871 ἕτερα
911 2784 1074 2870 ἐχούσαις,

55 2884 135 2960 οἷον
154 2891 209 2958 ἐπὶ
226 2893 287 2958 τοῦ
301 2890 525 2977 τετραγώνου,
544 2895 575 2958 εί
587 2889 771 2978 ποιήσομεν
787 2888 850 2958 δύο
866 2891 1074 2975 διαμέτρους,

53 2999 110 3067 ἐπὶ
128 3000 209 3084 μιᾶς
226 2999 294 3064 τῶν
312 3001 467 3086 πλευρῶν
486 3003 619 3066 ἔσονται
639 2998 703 3065 δύο
724 2997 825 3063 δυσίν
845 3003 926 3078 ίσαι,
949 2991 1075 3077 πλευρὰ

52 3104 114 3172 καὶ
137 3101 314 3189 διάμετρος
335 3106 375 3191 τῇ
395 3103 595 3194 παραλλήλῳ
612 3107 740 3192 πλευρᾷ
758 3101 814 3169 καλ
832 3103 872 3188 τῇ
892 3099 986 3189 ἑτέρῳ
1006 3103 1075 3167 δια-

54 3211 184 3301 μέτρῳ,
212 3205 286 3276 άλλ’
312 3207 388 3296 οὐχὶ
415 3210 471 3277 καί
494 3209 535 3277 τά
557 3207 643 3278 αὐτὰ
665 3211 790 3294 πέρατα
815 3209 962 3288 ἕξουσιν·
999 3203 1076 3272 οὐτε
1095 3224 1129 3274 25

53 3314 124 3404 γάρ
148 3318 187 3382 αί
206 3314 414 3402 παράλληλοι
437 3313 513 3384 οὐτε
537 3319 575 3383 αί
596 3319 768 3404 διάμετροι
791 3340 830 3382 τα
851 3310 935 3380 αὐτὰ
953 3312 1076 3399 πέρατα

54 3423 196 3505 ἕξουσιν
210 3418 377 3508 ἀλλήλαις.
413 3421 543 3490 τούτων
562 3413 626 3490 οὐν
645 3420 783 3489 πάντων
802 3423 871 3488 τῶν
891 3421 1076 3504 διορισμων

55 3559 273 3568 ψ--ι-

134 3620 160 3671 4.
184 3617 437 3689 ουμπεραίνουσιν]
457 3617 491 3684 Ρ,
515 3612 731 3687 συμπεράσμασι
751 3614 801 3671 Vs.
879 3620 903 3668 7.
927 3609 1073 3683 προτάσει]

54 3738 150 3793 comp.
170 3721 206 3790 Ρ,
224 3706 287 3792 πρά)
306 3722 354 3777 Vf.
410 3729 435 3778 8.
454 3720 648 3792 συστήσασθαι
667 3721 700 3789 V,
722 3723 770 3776 sed
789 3739 857 3777 cort.
921 3719 995 3790 ἴσως]
1015 3721 1076 3782 ἴσως

53 3795 214 3863 δείκνυμεν
233 3792 288 3849 del.
306 3792 341 3863 V,
360 3811 413 3849 om.
434 3795 464 3849 P.
529 3800 554 3848 9.
572 3792 702 3848 θαοστόν
722 3792 771 3849 Vf.
837 3799 880 3851 10.
899 3787 1087 3866 άμφοτέραςΧ

51 3860 211 3936 ἀμφότερα
229 3864 279 3921 vf.
354 3870 392 3921 17,
413 3864 507 3937 dvm]
523 3881 612 3938 comp.
635 3865 667 3938 V,
686 3867 758 3926 δυσί
774 3867 794 3928 f.
