2414 4236
211 505 369 557 scfloffl
386 506 426 556 ΙΝ
445 505 719 557 ammom
737 506 876 558 οωοοω
889 507 922 559 x
1004 503 1072 569 643

124 642 266 714 ὅτιτῶν
293 642 360 713 ἀπὸ
387 648 456 714 τῶν
479 649 558 730 ΛΓ,
581 651 643 713 ΓΒ
671 645 774 731 μέσον
792 641 972 731 ,ἀνάλογόν
1002 646 1071 714 ἐστι

56 750 94 820 τὸ
127 748 194 819 ὑπὸ
226 754 293 819 τῶν
321 755 398 838 ΑΓ,
421 757 492 819 ΓΒ.
539 754 701 819 ἐκκείσθω
729 775 779 831 τις
811 750 927 819 εὐθεῖα
960 750 1070 837 ήΑΒ

56 858 112 925 καὶ
130 856 318 945 τετμήσθω,
338 854 383 938 ὡς
397 861 523 945 ἔτυχεν,
537 855 619 925 κατὰ
633 856 671 925 τὸ
688 863 729 943 Γ,
745 856 801 924 καὶ
818 853 1070 944 ἀναγεγράφθω

56 963 122 1034 ἀπὸ
141 969 200 1051 τῆς
213 973 279 1034 ΑΒ
296 963 510 1051 τετράγωνον
528 962 566 1033 τὸ
581 971 660 1049 ΛΔ,
679 965 736 1031 καὶ
755 960 940 1050 ἐπεζεύχθω
958 960 980 1049 ή
996 970 1070 1050 ΒΕ,

57 1072 112 1139 καὶ
137 1071 350 1158 παράλληλος
377 1067 522 1160 ὁποτέρᾳ
548 1074 616 1139 των
639 1077 722 1156 ΑΕ,
746 1076 814 1137 ΒΛ
841 1074 925 1137 ἔστω
952 1066 973 1156 ή
998 1076 1070 1156 ΓΖ,
1107 1091 1126 1140 ο

250 1197 375 1373 nst
406 1174 530 1263 ὁμοίως
552 1177 607 1244 καὶ
631 1174 688 1244 διὰ
711 1187 772 1244 τοῦ
797 1181 836 1242 Η
859 1175 1072 1262 παράλληλος

253 1385 290 1440 II

99 1220 133 1273 Δ
211 1226 243 1278 P
403 1280 424 1369 ἡ
449 1288 563 1350 ΘΗΚ.
599 1279 811 1369 τετράγωνον
829 1279 895 1364 ἄρα
913 1280 1072 1369 ἑκάτερον

104 1386 122 1433 θ

98 1346 376 1678 ἎΙΚ
405 1391 474 1456 τῶν
493 1395 565 1473 ΘΖ,
584 1393 660 1474 ΚΓ,
683 1392 743 1455 καί
763 1389 832 1456 ἐστι
853 1386 895 1456 τὰ
914 1386 980 1457 ἀπὸ
1003 1392 1072 1457 τῶν

405 1498 482 1579 ΑΓ,
505 1499 583 1578 ΓΒ,
603 1490 642 1561 τὸ
666 1492 704 1562 δὲ
726 1500 801 1560 ΑΗ
820 1493 1072 1581 παραπλήρωμα

92 1694 100 1711 .
404 1602 442 1670 τὸ
463 1597 529 1668 ὑπὸ
548 1603 617 1669 τῶν
633 1603 706 1683 ΑΓ,
721 1605 797 1667 ΓΒ·
820 1607 875 1685 ἴση
890 1599 955 1686 γὰρ
969 1597 990 1687 ἡ
1004 1606 1076 1668 ΗΓ
1092 1622 1126 1673 10

238 1696 262 1744 Ζ
322 1693 355 1745 Δ
406 1709 445 1795 τῇ
459 1712 530 1775 ΓΒ.
563 1707 648 1792 λέγω
664 1697 738 1792 οὖν,
760 1702 811 1774 ὅτι
826 1715 895 1773 τεν
909 1711 988 1791 ΕΗ,
1003 1712 1071 1774 ΗΒ

58 1809 278 1895 τετραγώνων
301 1813 406 1898 μέσον
434 1811 604 1898 ἀνάλογόν
628 1814 698 1880 ἐστι
724 1810 762 1880 τὸ
786 1817 865 1879 ΑΗ.
911 1813 981 1879 ἐπεὶ
1006 1811 1072 1899 γάρ

58 1918 149 1984 ἐστιν
173 1914 219 1996 ὥς
241 1915 261 2005 ή
286 1923 356 1986 ΛΓ
377 1916 461 2006 πρὸς
483 1925 560 2004 ΓΒ,
593 1915 703 1998 οὕτως
726 1915 764 1985 τό
788 1923 864 1985 ΑΗ
886 1916 970 2004 πρὸς
992 1924 1072 2003 ΗΒ,

58 2018 103 2101 ὥς
127 2022 165 2090 δὲ
187 2021 208 2107 ή
232 2031 298 2091 ΑΘ
320 2023 404 2111 πρὸς
427 2031 501 2111 ΘΕ,
525 2024 632 2105 οὕτως
653 2022 692 2093 τὸ
717 2030 794 2091 ΛΗ
811 2022 895 2108 πρὸς
915 2030 994 2110 ΗΕ,
1017 2024 1072 2091 καὶ

59 2125 104 2207 ὡς
127 2126 193 2213 ἄρα
216 2126 253 2196 τὸ
279 2134 353 2196 ΒΗ
375 2128 461 2216 πρὸς
484 2136 571 2216 ΗΑ,
599 2128 706 2210 οὕτως
729 2131 766 2198 τὸ
791 2136 867 2196 ΑΗ
889 2129 973 2218 πρὸς
994 2135 1072 2198 ΗΕ.
1093 2151 1126 2201 15

57 2237 128 2301 τῶν
147 2240 226 2320 ΒΗ,
245 2241 317 2302 ΗΕ
337 2233 403 2322 ἄρα
426 2237 530 2322 μέσον
553 2232 727 2322 ἀνάλογόν
750 2238 820 2304 ἐστι
841 2235 880 2304 τὸ
900 2243 979 2304 ΑΗ.
1016 2241 1076 2303 καί

58 2338 191 2408 ἐστιτὰ
215 2340 277 2427 μὲν
296 2348 376 2428 ΒΗ,
391 2347 462 2410 ΗΕ
481 2340 522 2409 τὰ
542 2340 607 2409 ἀπὸ
625 2346 695 2410 τῶν
714 2347 790 2426 ΑΓ,
805 2348 880 2427 ΓΒ,
903 2341 941 2409 τὸ
961 2341 997 2409 δὲ
1012 2347 1073 2409 ΓΘ

58 2443 96 2512 τὸ
119 2442 185 2515 ὑπὸ
208 2450 277 2516 τῶν
301 2453 375 2532 ΛΓ,
398 2455 469 2517 ΓΒ.
514 2452 583 2517 τῶν
607 2446 673 2534 ἄρα
697 2445 762 2515 ἀπὸ
785 2453 861 2534 ΑΓ,
884 2453 946 2515 ΓΒ
968 2449 1072 2535 μέσον

59 2547 229 2637 ἀνάλογόν
253 2555 322 2621 ἐστι
345 2551 383 2622 τὸ
406 2551 472 2622 ὑπὸ
497 2565 565 2623 τῶν
588 2557 664 2639 ΑΓ,
687 2559 757 2621 ΓΒ.

116 2655 218 2725 ’Άλλο
241 2662 354 2745 λήμμα
377 2664 424 2739 εἰς
446 2658 484 2729 τὸ
509 2658 591 2729 αὐτὸ
615 2659 777 2746 θεώρημα
799 2660 854 2728 καὶ
873 2664 920 2739 εἰς
937 2660 978 2729 τὰ
998 2661 1072 2747 ἑξῆς
1091 2684 1126 2734 20

59 2759 151 2854 αὐτῷ
176 2761 283 2851 ὅμοια.

127 2875 210 2937 ἔστω
234 2867 352 2938 εὐθεῖα
374 2867 395 2958 ή
421 2879 487 2940 ΑΒ
509 2871 565 2939 καὶ
587 2870 765 2959 τετμήσθω
793 2876 841 2952 εἰς
867 2870 968 2940 ἄνισα
990 2875 1071 2940 κατὰ

60 2973 98 3043 τὸ
120 2981 157 3043 Γ.
205 2979 325 3062 δείξαι,
358 2975 409 3045 ὅτε
436 2975 477 3045 τὰ
505 2974 572 3046 ἆπὸ
599 2982 668 3046 τῶν
692 2984 771 3063 ΛΓ,
797 2983 858 3046 ΓΒ
882 2977 1072 3064 τετράγωνα

60 3083 194 3169 μείζονά
217 3085 287 3152 ἐστι
308 3087 370 3152 τοῦ
396 3087 449 3165 δὶς
471 3081 537 3152 ὑπὸ
560 3087 628 3152 τῶν
652 3090 726 3169 ΑΓ,
751 3090 813 3152 ΓΒ
836 3085 1073 3171 περιεχομένου

132 3354 157 3404 3.
178 3346 257 3417 ἔτυχε
277 3346 310 3402 V.
367 3353 392 3403 4.
411 3345 517 3418 Αοῐοὴ
537 3349 591 3405 del.
606 3345 644 3411 ὥς
663 3346 762 3418 ἔτυχεν
776 3344 849 3404 κατὰ
865 3344 897 3404 τὸ
914 3351 941 3404 Γ
956 3367 992 3404 m.
1008 3355 1023 3404 1
1041 3349 1071 3405 Ρ.

98 3426 123 3474 5.
143 3415 309 3487 ὁπονέραΡ
337 3434 406 3474 corr.
425 3437 461 3476 m.
481 3436 536 3474 ree.
591 3420 657 3490 BA]
678 3424 730 3474 AB
749 3418 782 3474 B.
842 3426 867 3476 6.
886 3419 950 3492 τοῦ]
970 3437 1024 3475 om.
1039 3421 1072 3474 B.

97 3496 120 3544 7.
140 3486 158 3558 ἡ
179 3471 281 3561 GKR]
300 3460 318 3556 ή
336 3485 418 3558 θωή
440 3494 499 3545 ΗΚ
516 3489 547 3544 Β.
640 3495 681 3545 10.
700 3489 746 3563 τό]
765 3492 803 3565 τῷ
822 3491 853 3545 F.
947 3498 986 3545 11.
1006 3482 1058 3545 οὖν

60 3577 113 3616 om
133 3561 164 3615 F.
226 3566 266 3615 14.
286 3557 318 3615 τό
349 3555 420 3628 ἦν.
476 3561 547 3632 ΗΕ]
565 3575 685 3615 cortex
705 3563 763 3616 ΗΘ
781 3563 895 3631 ω.1Ρ,
914 3557 945 3617 τὸ
962 3563 1021 3616 ΗΘ
1065 3601 1072 3627 ,

59 3627 91 3686 τὸ
113 3634 171 3686 ΗΕ
189 3632 282 3687 Bvat.
358 3636 399 3686 1⁶.
418 3626 450 3685 τὸ
472 3629 580 3686 ΗΕΒ.
654 3638 695 3688 17.
716 3629 786 3706 ἐστι]
807 3629 883 3689 ἔστιν
902 3633 934 3688 Ρ.
1003 3633 1073 3687 Post

59 3701 111 3772 μέν
126 3704 181 3758 del.
197 3706 252 3758 ΗΒ
267 3722 303 3760 m.
320 3710 334 3758 1
349 3703 380 3758 Ρ.
443 3708 485 3760 18.
503 3697 574 3775 ἀπό]
593 3696 651 3757 ἀπὸ
671 3703 727 3758 τῶν
740 3702 774 3759 V.
838 3709 880 3760 19.
899 3708 921 3757 A
929 3707 978 3758 ΓΒ
997 3703 1072 3769 Vnt,

59 3774 109 3829 sed
128 3791 197 3832 corr.
235 3773 306 3830 Dein
325 3773 389 3830 add
409 3766 480 3843 ὅπερ
499 3771 560 3830 ἔδει
578 3774 671 3840 δεῖξαι
693 3774 724 3829 Ρ.
796 3780 840 3831 20.
859 3770 927 3830 ἄλλο
946 3804 980 3815 -
998 3773 1072 3829 θεω-

59 3847 148 3917 ρημα]
169 3844 209 3909 εἰς
227 3842 258 3901 τὸ
277 3841 349 3901 αὐτὸ
368 3840 435 3902 ἄλλο
451 3848 515 3915 (om.
525 3844 559 3915 B)
579 3846 674 3918 λῆμμα
691 3844 815 3905 Fssvsz.
867 3851 916 3901 m.
933 3840 1088 3898 azam.
