<?xml version="1.0" encoding="UTF-8"?>
<!DOCTYPE html PUBLIC "-//W3C//DTD XHTML 1.0 Transitional//EN"
    "http://www.w3.org/TR/xhtml1/DTD/xhtml1-transitional.dtd">
<html xmlns="http://www.w3.org/1999/xhtml" xml:lang="en" lang="en">
 <head>
  <title>
</title>
<meta http-equiv="Content-Type" content="text/html;charset=utf-8" />
  <meta name='ocr-system' content='tesseract 3.04.00' />
  <meta name='ocr-capabilities' content='ocr_page ocr_carea ocr_par ocr_line ocrx_word'/>
</head>
<body>
  <div class='ocr_page' id='page_1' title='image "./euclidisoperaom10unkngoog_0391.png"; bbox 0 0 2414 4236; ppageno 0'>
   <div class='ocr_carea' id='block_1_1' title="bbox 131 484 1003 598">
    <p class='ocr_par' dir='ltr' id='par_1_1' title="bbox 131 484 1003 598">
     <span class='ocr_line' id='line_1_1' title="bbox 131 484 1003 598; baseline 0.007 -17"><span class='ocrx_word' id='word_1_1' title='bbox 131 531 204 598; x_wconf 78' lang='lat'><strong><em>,262</em></strong></span> <span class='ocrx_word' id='word_1_2' title='bbox 276 533 434 589; x_wconf 78' lang='lat' dir='ltr'><strong>scnom</strong></span> <span class='ocrx_word' id='word_1_3' title='bbox 449 534 490 589; x_wconf 81' lang='lat' dir='ltr'><strong>m</strong></span> <span class='ocrx_word' id='word_1_4' title='bbox 506 532 784 589; x_wconf 73' lang='lat' dir='ltr'><strong><em>mmmm</em></strong></span> <span class='ocrx_word' id='word_1_5' title='bbox 799 484 940 587; x_wconf 69' lang='lat' dir='ltr'><strong>m</strong></span> <span class='ocrx_word' id='word_1_6' title='bbox 952 530 1003 587; x_wconf 88' lang='lat'>111.</span> 
     </span>
    </p>
   </div>
   <div class='ocr_carea' id='block_1_2' title="bbox 100 670 1153 1297">
    <p class='ocr_par' dir='ltr' id='par_1_2' title="bbox 100 670 1153 1297">
     <span class='ocr_line' id='line_1_2' title="bbox 136 670 1151 769; baseline 0 -26"><span class='ocrx_word' id='word_1_7' title='bbox 136 676 311 763; x_wconf 74' lang='grc' dir='ltr'><strong><em>δέχεσθαι,</em></strong></span> <span class='ocrx_word' id='word_1_8' title='bbox 332 678 446 769; x_wconf 74' lang='grc' dir='ltr'><strong><em>πολλῷ</em></strong></span> <span class='ocrx_word' id='word_1_9' title='bbox 469 672 629 762; x_wconf 71' lang='grc' dir='ltr'><strong><em>μειζόνως</em></strong></span> <span class='ocrx_word' id='word_1_10' title='bbox 649 670 688 742; x_wconf 79' lang='grc' dir='ltr'><strong><em>τὸ</em></strong></span> <span class='ocrx_word' id='word_1_11' title='bbox 711 676 935 763; x_wconf 79' lang='grc' dir='ltr'><strong><em>προκείμενον</em></strong></span> <span class='ocrx_word' id='word_1_12' title='bbox 957 670 1151 763; x_wconf 71' lang='grc' dir='ltr'><strong><em>ἐκφεύξεται</em></strong></span> 
     </span>
     <span class='ocr_line' id='line_1_3' title="bbox 135 778 978 869; baseline -0.002 -20"><span class='ocrx_word' id='word_1_13' title='bbox 135 785 200 869; x_wconf 83' lang='grc' dir='ltr'><strong><em>τήν</em></strong></span> <span class='ocrx_word' id='word_1_14' title='bbox 221 784 283 849; x_wconf 82' lang='grc' dir='ltr'><strong><em>τοῦ</em></strong></span> <span class='ocrx_word' id='word_1_15' title='bbox 306 778 542 868; x_wconf 69' lang='grc' dir='ltr'><strong><em>προβλήματος</em></strong></span> <span class='ocrx_word' id='word_1_16' title='bbox 563 782 766 868; x_wconf 76' lang='grc' dir='ltr'><strong><em>ἐπωνυμίαν.</em></strong></span> <span class='ocrx_word' id='word_1_17' title='bbox 974 838 978 847; x_wconf 88' lang='grc'><strong><em>.</em></strong></span> 
     </span>
     <span class='ocr_line' id='line_1_4' title="bbox 205 885 1153 975; baseline 0.001 -19"><span class='ocrx_word' id='word_1_18' title='bbox 205 892 256 956; x_wconf 92' lang='grc'><strong><em>11.</em></strong></span> <span class='ocrx_word' id='word_1_19' title='bbox 288 888 409 957; x_wconf 86' lang='grc' dir='ltr'><strong><em>Μίσον</em></strong></span> <span class='ocrx_word' id='word_1_20' title='bbox 431 885 501 958; x_wconf 77' lang='grc' dir='ltr'><strong><em>ἐστὶ</em></strong></span> <span class='ocrx_word' id='word_1_21' title='bbox 521 890 625 957; x_wconf 79' lang='grc' dir='ltr'><strong><em>τοῦτο</em></strong></span> <span class='ocrx_word' id='word_1_22' title='bbox 645 888 717 957; x_wconf 78' lang='grc' dir='ltr'><strong><em>τῶν</em></strong></span> <span class='ocrx_word' id='word_1_23' title='bbox 738 887 986 975; x_wconf 66' lang='grc' dir='ltr'><strong><em>προβλημάτων</em></strong></span> <span class='ocrx_word' id='word_1_24' title='bbox 1005 886 1063 957; x_wconf 80' lang='grc' dir='ltr'><strong><em>ναί</em></strong></span> <span class='ocrx_word' id='word_1_25' title='bbox 1081 888 1153 957; x_wconf 80' lang='grc' dir='ltr'><strong><em>τάν</em></strong></span> 
     </span>
     <span class='ocr_line' id='line_1_5' title="bbox 135 990 1152 1083; baseline 0 -21"><span class='ocrx_word' id='word_1_26' title='bbox 135 992 381 1082; x_wconf 79' lang='grc' dir='ltr'><strong><em>θεωρημάτων·</em></strong></span> <span class='ocrx_word' id='word_1_27' title='bbox 422 990 511 1063; x_wconf 72' lang='grc' dir='ltr'><strong><em>καθὸ</em></strong></span> <span class='ocrx_word' id='word_1_28' title='bbox 544 992 607 1083; x_wconf 71' lang='grc' dir='ltr'><strong><em>μὲν</em></strong></span> <span class='ocrx_word' id='word_1_29' title='bbox 641 990 707 1083; x_wconf 79' lang='grc' dir='ltr'><strong><em>μὰρ</em></strong></span> <span class='ocrx_word' id='word_1_30' title='bbox 744 996 882 1083; x_wconf 70' lang='grc' dir='ltr'><strong><em>ζητήσαι</em></strong></span> <span class='ocrx_word' id='word_1_31' title='bbox 916 992 1152 1081; x_wconf 72' lang='grc' dir='ltr'><strong><em>προβάλλεται,</em></strong></span> 
     </span>
     <span class='ocr_line' id='line_1_6' title="bbox 100 1096 1150 1201; baseline 0.003 -34"><span class='ocrx_word' id='word_1_32' title='bbox 100 1101 278 1186; x_wconf 81' lang='grc' dir='ltr'><strong><em>εποιήσαί</em></strong></span> <span class='ocrx_word' id='word_1_33' title='bbox 295 1122 367 1181; x_wconf 89' lang='grc' dir='ltr'><strong><em>πως</em></strong></span> <span class='ocrx_word' id='word_1_34' title='bbox 387 1104 567 1187; x_wconf 82' lang='grc' dir='ltr'><strong><em>προτείνει,</em></strong></span> <span class='ocrx_word' id='word_1_35' title='bbox 589 1098 679 1170; x_wconf 75' lang='grc' dir='ltr'><strong><em>ιιαθὸ</em></strong></span> <span class='ocrx_word' id='word_1_36' title='bbox 698 1096 737 1168; x_wconf 73' lang='grc' dir='ltr'><strong><em>βλ</em></strong></span> <span class='ocrx_word' id='word_1_37' title='bbox 755 1096 819 1169; x_wconf 82' lang='grc' dir='ltr'><strong><em>οάιι</em></strong></span> <span class='ocrx_word' id='word_1_38' title='bbox 836 1102 884 1181; x_wconf 90' lang='grc' dir='ltr'><strong><em>είς</em></strong></span> <span class='ocrx_word' id='word_1_39' title='bbox 900 1102 1050 1189; x_wconf 85' lang='grc' dir='ltr'><strong><em>ποίησιν,</em></strong></span> <span class='ocrx_word' id='word_1_40' title='bbox 1068 1096 1150 1201; x_wconf 72' lang='grc' dir='ltr'><strong><em>ἀλλ’</em></strong></span> 
     </span>
     <span class='ocr_line' id='line_1_7' title="bbox 134 1202 964 1297; baseline 0 -22"><span class='ocrx_word' id='word_1_41' title='bbox 134 1209 182 1285; x_wconf 89' lang='grc' dir='ltr'><strong><em>είς</em></strong></span> <span class='ocrx_word' id='word_1_42' title='bbox 205 1202 351 1295; x_wconf 78' lang='grc' dir='ltr'><strong><em>εὕρεσιν,</em></strong></span> <span class='ocrx_word' id='word_1_43' title='bbox 373 1204 456 1275; x_wconf 79' lang='grc' dir='ltr'><strong><em>κατὰ</em></strong></span> <span class='ocrx_word' id='word_1_44' title='bbox 478 1209 580 1276; x_wconf 86' lang='grc' dir='ltr'><strong><em>τοῦτο</em></strong></span> <span class='ocrx_word' id='word_1_45' title='bbox 602 1204 765 1295; x_wconf 74' lang='grc' dir='ltr'><strong><em>θεάρημα</em></strong></span> <span class='ocrx_word' id='word_1_46' title='bbox 786 1210 964 1297; x_wconf 73' lang='grc' dir='ltr'><strong><em>προτείνειζ</em></strong></span> 
     </span>
    </p>
   </div>
   <div class='ocr_carea' id='block_1_3' title="bbox 81 1402 1154 2995">
    <p class='ocr_par' dir='ltr' id='par_1_3' title="bbox 518 1402 772 1491">
     <span class='ocr_line' id='line_1_8' title="bbox 518 1402 772 1491; baseline 0.016 -22"><span class='ocrx_word' id='word_1_47' title='bbox 518 1402 576 1470; x_wconf 75' lang='lat' dir='ltr'><strong><em>Ad</em></strong></span> <span class='ocrx_word' id='word_1_48' title='bbox 598 1424 705 1491; x_wconf 85' lang='lat' dir='ltr'>prop.</span> <span class='ocrx_word' id='word_1_49' title='bbox 727 1402 772 1473; x_wconf 87' lang='grc' dir='ltr'><strong><em>ΙΙ.</em></strong></span> 
     </span>
    </p>

    <p class='ocr_par' dir='ltr' id='par_1_4' title="bbox 81 1510 1154 2894">
     <span class='ocr_line' id='line_1_9' title="bbox 205 1510 1152 1617; baseline 0.003 -24"><span class='ocrx_word' id='word_1_50' title='bbox 205 1529 255 1594; x_wconf 87' lang='grc'><strong><em>12.</em></strong></span> <span class='ocrx_word' id='word_1_51' title='bbox 297 1528 343 1593; x_wconf 75' lang='lat' dir='ltr'><strong><em>El</em></strong></span> <span class='ocrx_word' id='word_1_52' title='bbox 371 1522 534 1613; x_wconf 76' lang='grc' dir='ltr'><strong><em>λάβοιμεν</em></strong></span> <span class='ocrx_word' id='word_1_53' title='bbox 565 1510 630 1614; x_wconf 80' lang='grc' dir='ltr'><strong><em>τήν</em></strong></span> <span class='ocrx_word' id='word_1_54' title='bbox 656 1532 729 1595; x_wconf 82' lang='grc' dir='ltr'><strong><em>ΑΔ</em></strong></span> <span class='ocrx_word' id='word_1_55' title='bbox 758 1527 799 1617; x_wconf 79' lang='grc' dir='ltr'><strong><em>τῇ</em></strong></span> <span class='ocrx_word' id='word_1_56' title='bbox 826 1532 894 1595; x_wconf 85' lang='grc' dir='ltr'><strong><em>ΔΒ</em></strong></span> <span class='ocrx_word' id='word_1_57' title='bbox 926 1522 977 1596; x_wconf 76' lang='grc' dir='ltr'><strong><em>ἐπί</em></strong></span> <span class='ocrx_word' id='word_1_58' title='bbox 1004 1523 1152 1612; x_wconf 69' lang='grc' dir='ltr'><strong><em>εὐθείας,</em></strong></span> 
     </span>
     <span class='ocr_line' id='line_1_10' title="bbox 135 1629 1154 1719; baseline 0.001 -19"><span class='ocrx_word' id='word_1_59' title='bbox 135 1631 206 1700; x_wconf 79' lang='grc' dir='ltr'><strong><em>ἐπεὶ</em></strong></span> <span class='ocrx_word' id='word_1_60' title='bbox 230 1632 266 1700; x_wconf 70' lang='lat' dir='ltr'><strong><em>lu</em></strong></span> <span class='ocrx_word' id='word_1_61' title='bbox 288 1635 351 1700; x_wconf 84' lang='grc' dir='ltr'><strong><em>τοῦ</em></strong></span> <span class='ocrx_word' id='word_1_62' title='bbox 372 1631 524 1718; x_wconf 78' lang='grc' dir='ltr'><strong><em>κέντρον,</em></strong></span> <span class='ocrx_word' id='word_1_63' title='bbox 548 1629 725 1719; x_wconf 79' lang='grc' dir='ltr'><strong><em>διάμετρος</em></strong></span> <span class='ocrx_word' id='word_1_64' title='bbox 745 1634 840 1702; x_wconf 75' lang='grc' dir='ltr'><strong><em>ἔσται</em></strong></span> <span class='ocrx_word' id='word_1_65' title='bbox 859 1634 923 1702; x_wconf 83' lang='grc' dir='ltr'><strong><em>τοῦ</em></strong></span> <span class='ocrx_word' id='word_1_66' title='bbox 944 1632 1079 1703; x_wconf 85' lang='grc' dir='ltr'><strong><em>ιιάιιλον.</em></strong></span> <span class='ocrx_word' id='word_1_67' title='bbox 1120 1636 1154 1701; x_wconf 89' lang='grc' dir='ltr'><strong><em>εί</em></strong></span> 
     </span>
     <span class='ocr_line' id='line_1_11' title="bbox 82 1735 1153 1829; baseline 0.004 -25"><span class='ocrx_word' id='word_1_68' title='bbox 82 1754 116 1806; x_wconf 86' lang='lat'><strong><em>10</em></strong></span> <span class='ocrx_word' id='word_1_69' title='bbox 136 1736 174 1806; x_wconf 72' lang='grc' dir='ltr'><strong><em>δὲ</em></strong></span> <span class='ocrx_word' id='word_1_70' title='bbox 201 1738 258 1806; x_wconf 80' lang='grc' dir='ltr'><strong><em>καί</em></strong></span> <span class='ocrx_word' id='word_1_71' title='bbox 284 1736 348 1824; x_wconf 85' lang='grc' dir='ltr'><strong><em>τήν</em></strong></span> <span class='ocrx_word' id='word_1_72' title='bbox 371 1743 438 1805; x_wconf 90' lang='grc' dir='ltr'><strong><em>ΔΖ</em></strong></span> <span class='ocrx_word' id='word_1_73' title='bbox 464 1736 627 1825; x_wconf 80' lang='grc' dir='ltr'><strong><em>λάβοιμεν</em></strong></span> <span class='ocrx_word' id='word_1_74' title='bbox 652 1735 738 1826; x_wconf 82' lang='grc' dir='ltr'><strong><em>πρὸς</em></strong></span> <span class='ocrx_word' id='word_1_75' title='bbox 765 1735 873 1825; x_wconf 72' lang='grc' dir='ltr'><strong><em>όρθάς</em></strong></span> <span class='ocrx_word' id='word_1_76' title='bbox 897 1740 939 1829; x_wconf 79' lang='grc' dir='ltr'><strong><em>τῇ</em></strong></span> <span class='ocrx_word' id='word_1_77' title='bbox 962 1744 1044 1827; x_wconf 86' lang='lat' dir='ltr'><strong><em>AB,</em></strong></span> <span class='ocrx_word' id='word_1_78' title='bbox 1074 1746 1153 1808; x_wconf 88' lang='grc' dir='ltr'><strong><em>ίσον</em></strong></span> 
     </span>
     <span class='ocr_line' id='line_1_12' title="bbox 134 1840 1154 1940; baseline 0.003 -29"><span class='ocrx_word' id='word_1_79' title='bbox 134 1847 246 1931; x_wconf 85' lang='grc' dir='ltr'><strong><em>τμήμα</em></strong></span> <span class='ocrx_word' id='word_1_80' title='bbox 268 1846 360 1912; x_wconf 75' lang='grc' dir='ltr'><strong><em>ἔσται</em></strong></span> <span class='ocrx_word' id='word_1_81' title='bbox 383 1846 445 1912; x_wconf 83' lang='grc' dir='ltr'><strong><em>τοῦ</em></strong></span> <span class='ocrx_word' id='word_1_82' title='bbox 467 1842 594 1913; x_wconf 80' lang='grc' dir='ltr'><strong><em>κύκλον</em></strong></span> <span class='ocrx_word' id='word_1_83' title='bbox 617 1843 675 1914; x_wconf 80' lang='grc' dir='ltr'><strong><em>ιιαί</em></strong></span> <span class='ocrx_word' id='word_1_84' title='bbox 701 1840 824 1932; x_wconf 83' lang='grc' dir='ltr'><strong><em>ὅμοιον</em></strong></span> <span class='ocrx_word' id='word_1_85' title='bbox 849 1845 889 1915; x_wconf 86' lang='grc' dir='ltr'><strong><em>τό</em></strong></span> <span class='ocrx_word' id='word_1_86' title='bbox 911 1850 978 1916; x_wconf 83' lang='lat' dir='ltr'><strong><em>Az</em></strong></span> <span class='ocrx_word' id='word_1_87' title='bbox 1004 1846 1051 1940; x_wconf 74' lang='grc' dir='ltr'><strong><em>τῷ</em></strong></span> <span class='ocrx_word' id='word_1_88' title='bbox 1074 1850 1154 1915; x_wconf 85' lang='grc' dir='ltr'><strong><em>ΖΒ·</em></strong></span> 
     </span>
     <span class='ocr_line' id='line_1_13' title="bbox 136 1946 1153 2038; baseline 0.004 -22"><span class='ocrx_word' id='word_1_89' title='bbox 136 1951 173 2016; x_wconf 82' lang='grc' dir='ltr'><strong><em>ἐν</em></strong></span> <span class='ocrx_word' id='word_1_90' title='bbox 196 1948 236 2017; x_wconf 73' lang='grc' dir='ltr'><strong><em>δὲ</em></strong></span> <span class='ocrx_word' id='word_1_91' title='bbox 257 1960 328 2029; x_wconf 80' lang='grc' dir='ltr'><strong><em>τοϊς</em></strong></span> <span class='ocrx_word' id='word_1_92' title='bbox 350 1946 480 2036; x_wconf 81' lang='grc' dir='ltr'><strong><em>ὁμοίοις</em></strong></span> <span class='ocrx_word' id='word_1_93' title='bbox 499 1948 644 2038; x_wconf 77' lang='grc' dir='ltr'><strong><em>τμήμασι</em></strong></span> <span class='ocrx_word' id='word_1_94' title='bbox 662 1952 725 2019; x_wconf 81' lang='grc' dir='ltr'><strong><em>τοῦ</em></strong></span> <span class='ocrx_word' id='word_1_95' title='bbox 742 1948 870 2020; x_wconf 80' lang='grc' dir='ltr'><strong><em>κύκλον</em></strong></span> <span class='ocrx_word' id='word_1_96' title='bbox 888 1953 927 2018; x_wconf 92' lang='grc' dir='ltr'><strong><em>αί</em></strong></span> <span class='ocrx_word' id='word_1_97' title='bbox 940 1956 1062 2038; x_wconf 69' lang='grc' dir='ltr'><strong><em>γωνίαι</em></strong></span> <span class='ocrx_word' id='word_1_98' title='bbox 1081 1958 1153 2020; x_wconf 77' lang='grc' dir='ltr'><strong><em>ἴσαι</em></strong></span> 
     </span>
     <span class='ocr_line' id='line_1_14' title="bbox 135 2052 1153 2144; baseline 0.004 -22"><span class='ocrx_word' id='word_1_99' title='bbox 135 2052 298 2141; x_wconf 86' lang='grc' dir='ltr'><strong><em>ἀλλήλαις</em></strong></span> <span class='ocrx_word' id='word_1_100' title='bbox 316 2058 416 2123; x_wconf 88' lang='grc' dir='ltr'><strong><em>είσίν·</em></strong></span> <span class='ocrx_word' id='word_1_101' title='bbox 445 2059 477 2123; x_wconf 86' lang='grc' dir='ltr'><strong><em>εί</em></strong></span> <span class='ocrx_word' id='word_1_102' title='bbox 493 2053 557 2144; x_wconf 80' lang='grc' dir='ltr'><strong><em>γάρ</em></strong></span> <span class='ocrx_word' id='word_1_103' title='bbox 581 2053 682 2143; x_wconf 84' lang='grc' dir='ltr'><strong><em>ὅμοια</em></strong></span> <span class='ocrx_word' id='word_1_104' title='bbox 703 2055 856 2144; x_wconf 82' lang='grc' dir='ltr'><strong><em>τμήματα</em></strong></span> <span class='ocrx_word' id='word_1_105' title='bbox 878 2054 1005 2126; x_wconf 84' lang='grc' dir='ltr'><strong><em>κύκλου</em></strong></span> <span class='ocrx_word' id='word_1_106' title='bbox 1027 2059 1093 2126; x_wconf 85' lang='grc' dir='ltr'><strong><em>είσλ</em></strong></span> <span class='ocrx_word' id='word_1_107' title='bbox 1111 2056 1153 2125; x_wconf 83' lang='grc' dir='ltr'><strong><em>τά</em></strong></span> 
     </span>
     <span class='ocr_line' id='line_1_15' title="bbox 135 2159 1153 2250; baseline 0.003 -22"><span class='ocrx_word' id='word_1_108' title='bbox 135 2160 300 2249; x_wconf 83' lang='grc' dir='ltr'><strong><em>δεχόμενα</em></strong></span> <span class='ocrx_word' id='word_1_109' title='bbox 322 2167 448 2248; x_wconf 74' lang='grc' dir='ltr'><strong><em>γωνίας</em></strong></span> <span class='ocrx_word' id='word_1_110' title='bbox 471 2169 561 2249; x_wconf 85' lang='grc' dir='ltr'><strong><em>ίσας,</em></strong></span> <span class='ocrx_word' id='word_1_111' title='bbox 590 2161 647 2229; x_wconf 80' lang='grc' dir='ltr'><strong><em>καί</em></strong></span> <span class='ocrx_word' id='word_1_112' title='bbox 673 2159 906 2250; x_wconf 76' lang='grc' dir='ltr'><strong><em>ἀντιστρόφως</em></strong></span> <span class='ocrx_word' id='word_1_113' title='bbox 929 2168 1054 2249; x_wconf 75' lang='grc' dir='ltr'><strong><em>γωνίας</em></strong></span> <span class='ocrx_word' id='word_1_114' title='bbox 1078 2171 1153 2244; x_wconf 79' lang='grc' dir='ltr'><strong><em>ἴσας</em></strong></span> 
     </span>
     <span class='ocr_line' id='line_1_16' title="bbox 83 2267 1151 2357; baseline 0.004 -23"><span class='ocrx_word' id='word_1_115' title='bbox 83 2287 116 2335; x_wconf 83' lang='lat'><strong><em>15</em></strong></span> <span class='ocrx_word' id='word_1_116' title='bbox 136 2269 291 2355; x_wconf 80' lang='grc' dir='ltr'><strong><em>δέχονται</em></strong></span> <span class='ocrx_word' id='word_1_117' title='bbox 322 2267 363 2337; x_wconf 85' lang='grc' dir='ltr'><strong><em>τά</em></strong></span> <span class='ocrx_word' id='word_1_118' title='bbox 391 2272 460 2337; x_wconf 81' lang='grc' dir='ltr'><strong><em>τῶν</em></strong></span> <span class='ocrx_word' id='word_1_119' title='bbox 487 2267 621 2337; x_wconf 82' lang='grc' dir='ltr'><strong><em>κύκλων</em></strong></span> <span class='ocrx_word' id='word_1_120' title='bbox 649 2267 749 2356; x_wconf 83' lang='grc' dir='ltr'><strong><em>ὅμοια</em></strong></span> <span class='ocrx_word' id='word_1_121' title='bbox 776 2267 936 2356; x_wconf 88' lang='grc' dir='ltr'><strong><em>τμήματα.</em></strong></span> <span class='ocrx_word' id='word_1_122' title='bbox 982 2274 1014 2337; x_wconf 88' lang='grc' dir='ltr'><strong><em>εί</em></strong></span> <span class='ocrx_word' id='word_1_123' title='bbox 1040 2269 1078 2338; x_wconf 72' lang='grc' dir='ltr'><strong><em>δὲ</em></strong></span> <span class='ocrx_word' id='word_1_124' title='bbox 1105 2269 1151 2357; x_wconf 85' lang='grc' dir='ltr'><strong><em>μή</em></strong></span> 
     </span>
     <span class='ocr_line' id='line_1_17' title="bbox 135 2370 1152 2463; baseline 0.002 -22"><span class='ocrx_word' id='word_1_125' title='bbox 135 2372 297 2460; x_wconf 86' lang='grc' dir='ltr'><strong><em>λάβοιμεν</em></strong></span> <span class='ocrx_word' id='word_1_126' title='bbox 316 2371 367 2442; x_wconf 80' lang='grc' dir='ltr'><strong><em>ἐπ’</em></strong></span> <span class='ocrx_word' id='word_1_127' title='bbox 384 2370 521 2455; x_wconf 78' lang='grc' dir='ltr'><strong><em>εὐθείας</em></strong></span> <span class='ocrx_word' id='word_1_128' title='bbox 537 2373 601 2463; x_wconf 83' lang='grc' dir='ltr'><strong><em>τήν</em></strong></span> <span class='ocrx_word' id='word_1_129' title='bbox 620 2384 652 2442; x_wconf 83' lang='grc' dir='ltr'><em>Α</em></span> <span class='ocrx_word' id='word_1_130' title='bbox 658 2384 691 2442; x_wconf 83' lang='grc' dir='ltr'><em>Δ</em></span> <span class='ocrx_word' id='word_1_131' title='bbox 713 2379 753 2463; x_wconf 76' lang='grc' dir='ltr'><strong><em>τῇ</em></strong></span> <span class='ocrx_word' id='word_1_132' title='bbox 771 2382 850 2460; x_wconf 89' lang='grc' dir='ltr'><strong><em>ΔΒ,</em></strong></span> <span class='ocrx_word' id='word_1_133' title='bbox 873 2380 1040 2461; x_wconf 80' lang='grc' dir='ltr'><strong><em>τρίγωνον</em></strong></span> <span class='ocrx_word' id='word_1_134' title='bbox 1059 2381 1152 2444; x_wconf 83' lang='grc' dir='ltr'><strong><em>ἔσται</em></strong></span> 
     </span>
     <span class='ocr_line' id='line_1_18' title="bbox 134 2477 1152 2570; baseline 0.005 -24"><span class='ocrx_word' id='word_1_135' title='bbox 134 2477 172 2547; x_wconf 87' lang='grc' dir='ltr'><strong><em>τὸ</em></strong></span> <span class='ocrx_word' id='word_1_136' title='bbox 197 2488 336 2549; x_wconf 82' lang='grc' dir='ltr'><em>ΔΑΕΒ</em></span> <span class='ocrx_word' id='word_1_137' title='bbox 361 2482 539 2562; x_wconf 82' lang='grc' dir='ltr'><strong><em>ίσοσκελίς·</em></strong></span> <span class='ocrx_word' id='word_1_138' title='bbox 563 2479 584 2569; x_wconf 87' lang='grc' dir='ltr'><strong><em>ή</em></strong></span> <span class='ocrx_word' id='word_1_139' title='bbox 608 2481 670 2568; x_wconf 64' lang='grc' dir='ltr'><strong><em>μὲν</em></strong></span> <span class='ocrx_word' id='word_1_140' title='bbox 692 2485 757 2569; x_wconf 75' lang='grc' dir='ltr'><strong><em>γὰρ</em></strong></span> <span class='ocrx_word' id='word_1_141' title='bbox 777 2490 849 2550; x_wconf 89' lang='grc' dir='ltr'><strong><em>ΔΑ</em></strong></span> <span class='ocrx_word' id='word_1_142' title='bbox 870 2483 926 2550; x_wconf 82' lang='grc' dir='ltr'><strong><em>καί</em></strong></span> <span class='ocrx_word' id='word_1_143' title='bbox 948 2479 969 2570; x_wconf 83' lang='grc' dir='ltr'><em>ἡ</em></span> <span class='ocrx_word' id='word_1_144' title='bbox 990 2490 1056 2550; x_wconf 87' lang='grc' dir='ltr'><strong><em>ΔΒ</em></strong></span> <span class='ocrx_word' id='word_1_145' title='bbox 1081 2492 1152 2551; x_wconf 87' lang='grc' dir='ltr'><strong><em>ίσαι</em></strong></span> 
     </span>
     <span class='ocr_line' id='line_1_19' title="bbox 135 2583 1152 2675; baseline 0.006 -23"><span class='ocrx_word' id='word_1_146' title='bbox 135 2583 308 2672; x_wconf 86' lang='grc' dir='ltr'><strong><em>ἀλλήλαις·</em></strong></span> <span class='ocrx_word' id='word_1_147' title='bbox 331 2588 368 2655; x_wconf 77' lang='grc' dir='ltr'><strong><em>ἐκ</em></strong></span> <span class='ocrx_word' id='word_1_148' title='bbox 385 2597 448 2656; x_wconf 88' lang='grc' dir='ltr'><strong><em>τοῦ</em></strong></span> <span class='ocrx_word' id='word_1_149' title='bbox 470 2587 613 2669; x_wconf 78' lang='grc' dir='ltr'><strong><em>κέντρον</em></strong></span> <span class='ocrx_word' id='word_1_150' title='bbox 635 2586 709 2675; x_wconf 75' lang='grc' dir='ltr'><strong><em>γάρ.</em></strong></span> <span class='ocrx_word' id='word_1_151' title='bbox 746 2585 766 2674; x_wconf 86' lang='grc' dir='ltr'><strong><em>ή</em></strong></span> <span class='ocrx_word' id='word_1_152' title='bbox 791 2588 829 2656; x_wconf 72' lang='grc' dir='ltr'><strong><em>δε</em></strong></span> <span class='ocrx_word' id='word_1_153' title='bbox 847 2596 947 2656; x_wconf 85' lang='grc' dir='ltr'><strong><em>ΑΕΒ</em></strong></span> <span class='ocrx_word' id='word_1_154' title='bbox 971 2585 1015 2670; x_wconf 78' lang='grc' dir='ltr'><strong><em>ὡς</em></strong></span> <span class='ocrx_word' id='word_1_155' title='bbox 1033 2585 1152 2658; x_wconf 75' lang='grc' dir='ltr'><strong><em>εὐθεῖα</em></strong></span> 
     </span>
     <span class='ocr_line' id='line_1_20' title="bbox 135 2690 1151 2783; baseline 0.006 -25"><span class='ocrx_word' id='word_1_156' title='bbox 135 2690 307 2759; x_wconf 85' lang='grc' dir='ltr'><strong><em>ὑπόκειται</em></strong></span> <span class='ocrx_word' id='word_1_157' title='bbox 329 2698 389 2761; x_wconf 86' lang='grc' dir='ltr'><strong><em>καί</em></strong></span> <span class='ocrx_word' id='word_1_158' title='bbox 408 2694 477 2762; x_wconf 76' lang='grc' dir='ltr'><strong><em>ἐστι</em></strong></span> <span class='ocrx_word' id='word_1_159' title='bbox 500 2693 598 2780; x_wconf 88' lang='grc' dir='ltr'><strong><em>βάσις</em></strong></span> <span class='ocrx_word' id='word_1_160' title='bbox 619 2697 680 2761; x_wconf 86' lang='grc' dir='ltr'><strong><em>τοῦ</em></strong></span> <span class='ocrx_word' id='word_1_161' title='bbox 704 2693 787 2762; x_wconf 80' lang='grc' dir='ltr'><strong><em>ὅλου</em></strong></span> <span class='ocrx_word' id='word_1_162' title='bbox 808 2702 946 2763; x_wconf 84' lang='grc' dir='ltr'><em>ΔΑΕΒ</em></span> <span class='ocrx_word' id='word_1_163' title='bbox 970 2694 1151 2783; x_wconf 76' lang='grc' dir='ltr'><strong><em>τριγώνου·</em></strong></span> 
     </span>
     <span class='ocr_line' id='line_1_21' title="bbox 81 2796 1152 2894; baseline 0.005 -29"><span class='ocrx_word' id='word_1_164' title='bbox 81 2816 115 2866; x_wconf 74' lang='lat'><strong><em>20</em></strong></span> <span class='ocrx_word' id='word_1_165' title='bbox 134 2799 172 2864; x_wconf 89' lang='grc' dir='ltr'><strong><em>αί</em></strong></span> <span class='ocrx_word' id='word_1_166' title='bbox 197 2796 281 2883; x_wconf 90' lang='grc' dir='ltr'><strong><em>πρὸς</em></strong></span> <span class='ocrx_word' id='word_1_167' title='bbox 307 2802 347 2886; x_wconf 84' lang='grc' dir='ltr'><strong><em>τή</em></strong></span> <span class='ocrx_word' id='word_1_168' title='bbox 375 2798 471 2885; x_wconf 82' lang='grc' dir='ltr'><strong><em>βάσει</em></strong></span> <span class='ocrx_word' id='word_1_169' title='bbox 499 2796 565 2886; x_wconf 86' lang='grc' dir='ltr'><strong><em>ἀρα</em></strong></span> <span class='ocrx_word' id='word_1_170' title='bbox 595 2804 730 2884; x_wconf 79' lang='grc' dir='ltr'><strong><em>γωνίαι,</em></strong></span> <span class='ocrx_word' id='word_1_171' title='bbox 763 2797 870 2886; x_wconf 76' lang='grc' dir='ltr'><strong><em>ήμουν</em></strong></span> <span class='ocrx_word' id='word_1_172' title='bbox 898 2825 1026 2888; x_wconf 83' lang='grc' dir='ltr'><strong><em>ηπρος</em></strong></span> <span class='ocrx_word' id='word_1_173' title='bbox 1048 2805 1094 2894; x_wconf 76' lang='grc' dir='ltr'><strong><em>τῷ</em></strong></span> <span class='ocrx_word' id='word_1_174' title='bbox 1119 2811 1152 2870; x_wconf 83' lang='grc' dir='ltr'><em>Α</em></span> 
     </span>
    </p>

    <p class='ocr_par' dir='ltr' id='par_1_5' title="bbox 134 2902 869 2995">
     <span class='ocr_line' id='line_1_22' title="bbox 134 2902 869 2995; baseline 0.005 -25"><span class='ocrx_word' id='word_1_175' title='bbox 134 2904 190 2970; x_wconf 81' lang='grc' dir='ltr'><strong><em>καί</em></strong></span> <span class='ocrx_word' id='word_1_176' title='bbox 213 2902 234 2990; x_wconf 86' lang='grc' dir='ltr'><strong><em>ή</em></strong></span> <span class='ocrx_word' id='word_1_177' title='bbox 257 2927 342 2993; x_wconf 90' lang='grc' dir='ltr'><strong><em>προς</em></strong></span> <span class='ocrx_word' id='word_1_178' title='bbox 363 2915 409 2995; x_wconf 79' lang='grc' dir='ltr'><strong><em>τῷ</em></strong></span> <span class='ocrx_word' id='word_1_179' title='bbox 433 2910 473 2991; x_wconf 87' lang='grc' dir='ltr'><strong><em>Β,</em></strong></span> <span class='ocrx_word' id='word_1_180' title='bbox 498 2912 568 2971; x_wconf 88' lang='grc' dir='ltr'><strong><em>ίσαι</em></strong></span> <span class='ocrx_word' id='word_1_181' title='bbox 591 2902 750 2991; x_wconf 81' lang='grc' dir='ltr'><strong><em>ἀλλήλαις</em></strong></span> <span class='ocrx_word' id='word_1_182' title='bbox 773 2910 869 2974; x_wconf 89' lang='grc' dir='ltr'><strong><em>είσίν.</em></strong></span> 
     </span>
    </p>
   </div>
   <div class='ocr_carea' id='block_1_4' title="bbox 514 3101 779 3187">
    <p class='ocr_par' dir='ltr' id='par_1_6' title="bbox 514 3101 779 3187">
     <span class='ocr_line' id='line_1_23' title="bbox 514 3101 779 3187; baseline 0.011 -22"><span class='ocrx_word' id='word_1_183' title='bbox 514 3101 570 3165; x_wconf 81' lang='lat' dir='ltr'><strong><em>Ad</em></strong></span> <span class='ocrx_word' id='word_1_184' title='bbox 594 3124 697 3187; x_wconf 87' lang='lat' dir='ltr'><strong>prop.</strong></span> <span class='ocrx_word' id='word_1_185' title='bbox 721 3102 779 3168; x_wconf 92' lang='lat' dir='ltr'><strong>III.</strong></span> 
     </span>
    </p>
   </div>
   <div class='ocr_carea' id='block_1_5' title="bbox 136 3218 1151 3423">
    <p class='ocr_par' dir='ltr' id='par_1_7' title="bbox 136 3218 1151 3423">
     <span class='ocr_line' id='line_1_24' title="bbox 205 3218 1151 3311; baseline 0.008 -22"><span class='ocrx_word' id='word_1_186' title='bbox 205 3226 254 3290; x_wconf 85' lang='lat'><strong><em>13.</em></strong></span> <span class='ocrx_word' id='word_1_187' title='bbox 284 3218 340 3290; x_wconf 83' lang='grc' dir='ltr'><strong><em>Ἐκ</em></strong></span> <span class='ocrx_word' id='word_1_188' title='bbox 357 3219 479 3290; x_wconf 82' lang='grc' dir='ltr'><strong><em>τούτου</em></strong></span> <span class='ocrx_word' id='word_1_189' title='bbox 497 3225 558 3290; x_wconf 86' lang='grc' dir='ltr'><strong><em>τοῦ</em></strong></span> <span class='ocrx_word' id='word_1_190' title='bbox 576 3223 794 3311; x_wconf 80' lang='grc' dir='ltr'><strong><em>θεωρήματος</em></strong></span> <span class='ocrx_word' id='word_1_191' title='bbox 814 3228 983 3294; x_wconf 82' lang='grc' dir='ltr'><strong><em>δείκνυται</em></strong></span> <span class='ocrx_word' id='word_1_192' title='bbox 1001 3229 1040 3296; x_wconf 84' lang='grc' dir='ltr'><strong><em>τὸ</em></strong></span> <span class='ocrx_word' id='word_1_193' title='bbox 1059 3227 1151 3297; x_wconf 88' lang='grc' dir='ltr'><strong><em>ἀντι-</em></strong></span> 
     </span>
     <span class='ocr_line' id='line_1_25' title="bbox 136 3324 1150 3423; baseline 0.009 -29"><span class='ocrx_word' id='word_1_194' title='bbox 136 3327 300 3414; x_wconf 82' lang='grc' dir='ltr'><strong><em>στρόφων</em></strong></span> <span class='ocrx_word' id='word_1_195' title='bbox 323 3329 385 3395; x_wconf 87' lang='grc' dir='ltr'><strong><em>τοῠ</em></strong></span> <span class='ocrx_word' id='word_1_196' title='bbox 407 3324 492 3415; x_wconf 81' lang='grc' dir='ltr'><strong><em>ὅρου</em></strong></span> <span class='ocrx_word' id='word_1_197' title='bbox 514 3331 575 3396; x_wconf 85' lang='grc' dir='ltr'><strong><em>τοῦ</em></strong></span> <span class='ocrx_word' id='word_1_198' title='bbox 593 3328 728 3398; x_wconf 79' lang='grc' dir='ltr'><strong><em>κύκλου.</em></strong></span> <span class='ocrx_word' id='word_1_199' title='bbox 764 3328 824 3399; x_wconf 78' lang='grc' dir='ltr'><strong><em>ἐὰν</em></strong></span> <span class='ocrx_word' id='word_1_200' title='bbox 842 3356 907 3416; x_wconf 80' lang='grc' dir='ltr'><strong><em>γαρ</em></strong></span> <span class='ocrx_word' id='word_1_201' title='bbox 927 3331 1092 3419; x_wconf 85' lang='grc' dir='ltr'><strong><em>σχήματος</em></strong></span> <span class='ocrx_word' id='word_1_202' title='bbox 1110 3339 1150 3423; x_wconf 72' lang='grc' dir='ltr'><strong><em>τῇ</em></strong></span> 
     </span>
    </p>
   </div>
   <div class='ocr_carea' id='block_1_6' title="bbox 135 3456 350 3465">
    <p class='ocr_par' dir='ltr' id='par_1_8' title="bbox 135 3456 350 3465">
     <span class='ocr_line' id='line_1_26' title="bbox 135 3456 350 3465; baseline -0.005 0"><span class='ocrx_word' id='word_1_203' title='bbox 135 3456 350 3465; x_wconf 73' lang='lat' dir='ltr'><strong><em>—a—</em></strong></span> 
     </span>
    </p>
   </div>
   <div class='ocr_carea' id='block_1_7' title="bbox 208 3503 1058 3575">
    <p class='ocr_par' dir='ltr' id='par_1_9' title="bbox 208 3503 1058 3575">
     <span class='ocr_line' id='line_1_27' title="bbox 208 3503 1058 3575; baseline 0.006 -16"><span class='ocrx_word' id='word_1_204' title='bbox 208 3511 249 3561; x_wconf 92' lang='lat'><strong><em>11.</em></strong></span> <span class='ocrx_word' id='word_1_205' title='bbox 268 3523 293 3570; x_wconf 85' lang='lat' dir='ltr'><strong><em>r;</em></strong></span> <span class='ocrx_word' id='word_1_206' title='bbox 313 3503 362 3560; x_wconf 80' lang='lat' dir='ltr'><strong>cfr.</strong></span> <span class='ocrx_word' id='word_1_207' title='bbox 382 3521 408 3573; x_wconf 85' lang='lat' dir='ltr'>p</span> <span class='ocrx_word' id='word_1_208' title='bbox 428 3510 489 3572; x_wconf 78' lang='lat'>261,</span> <span class='ocrx_word' id='word_1_209' title='bbox 510 3509 598 3575; x_wconf 79' lang='lat' dir='ltr'>14sq</span> <span class='ocrx_word' id='word_1_210' title='bbox 673 3507 1058 3567; x_wconf 76' lang='lat' dir='ltr'><strong>12.b¹.13.PBFvat</strong></span> 
     </span>
    </p>
   </div>
   <div class='ocr_carea' id='block_1_8' title="bbox 134 3659 1150 3826">
    <p class='ocr_par' dir='ltr' id='par_1_10' title="bbox 134 3659 1150 3813">
     <span class='ocr_line' id='line_1_28' title="bbox 209 3659 1150 3753; baseline 0.009 -36.713"><span class='ocrx_word' id='word_1_211' title='bbox 209 3659 476 3734; x_wconf 81' lang='grc' dir='ltr'><strong><em>λίκφεάξηταιΡ.</em></strong></span> <span class='ocrx_word' id='word_1_212' title='bbox 562 3664 767 3753; x_wconf 81' lang='grc' dir='ltr'><strong><em>9.ίιιρ.]οοω</em></strong></span> <span class='ocrx_word' id='word_1_213' title='bbox 786 3667 949 3723; x_wconf 87' lang='lat' dir='ltr'>dubiumb.</span> <span class='ocrx_word' id='word_1_214' title='bbox 1036 3676 1114 3724; x_wconf 46' lang='lat'><strong><em>204</em></strong></span> <span class='ocrx_word' id='word_1_215' title='bbox 1099 3671 1150 3741; x_wconf 81' lang='grc' dir='ltr'><strong><em>τῶ]</em></strong></span> 
     </span>
     <span class='ocr_line' id='line_1_29' title="bbox 134 3726 1150 3826; baseline 0.008 -39"><span class='ocrx_word' id='word_1_216' title='bbox 134 3750 191 3788; x_wconf 86' lang='lat' dir='ltr'><strong><em>non</em></strong></span> <span class='ocrx_word' id='word_1_217' title='bbox 211 3734 345 3823; x_wconf 79' lang='lat' dir='ltr'>liquotb.</span> <span class='ocrx_word' id='word_1_218' title='bbox 435 3740 478 3792; x_wconf 78' lang='lat'><strong><em>21.</em></strong></span> <span class='ocrx_word' id='word_1_219' title='bbox 502 3736 559 3822; x_wconf 79' lang='grc' dir='ltr'><strong><em>τῷ]</em></strong></span> <span class='ocrx_word' id='word_1_220' title='bbox 578 3733 656 3793; x_wconf 85' lang='grc' dir='ltr'><strong><em>τόλ).</em></strong></span> <span class='ocrx_word' id='word_1_221' title='bbox 747 3743 790 3793; x_wconf 75' lang='lat'><strong><em>23.</em></strong></span> <span class='ocrx_word' id='word_1_222' title='bbox 814 3735 933 3826; x_wconf 81' lang='grc' dir='ltr'><strong><em>τούτου]</em></strong></span> <span class='ocrx_word' id='word_1_223' title='bbox 956 3756 1011 3795; x_wconf 86' lang='lat' dir='ltr'><strong><em>om</em></strong></span> <span class='ocrx_word' id='word_1_224' title='bbox 1030 3726 1150 3796; x_wconf 71' lang='grc' dir='ltr'><strong><em>ΡΠάλ</em></strong></span> 
     </span>
    </p>
   </div>
   <div class='ocr_carea' id='block_1_9' title="bbox 118 3801 1148 3943">
    <p class='ocr_par' dir='ltr' id='par_1_11' title="bbox 118 3801 1148 3943">
     <span class='ocr_line' id='line_1_30' title="bbox 127 3801 1148 3933; baseline 0.008 -75.359"><span class='ocrx_word' id='word_1_225' title='bbox 127 3806 297 3933; x_wconf 55' lang='grc' dir='ltr'><strong><em>λλῦῃτο</em></strong></span> <span class='ocrx_word' id='word_1_226' title='bbox 326 3801 395 3877; x_wconf 83' lang='grc' dir='ltr'><strong><em>ὅρον</em></strong></span> <span class='ocrx_word' id='word_1_227' title='bbox 423 3811 474 3863; x_wconf 76' lang='grc' dir='ltr'><strong><em>τοῦ</em></strong></span> <span class='ocrx_word' id='word_1_228' title='bbox 502 3805 556 3863; x_wconf 80' lang='grc' dir='ltr'><strong><em>ιιάιι</em></strong></span> <span class='ocrx_word' id='word_1_229' title='bbox 540 3808 624 3880; x_wconf 80' lang='grc' dir='ltr'><strong><em>αλσο]</em></strong></span> <span class='ocrx_word' id='word_1_230' title='bbox 652 3810 703 3865; x_wconf 78' lang='grc' dir='ltr'><strong><em>τοῦ</em></strong></span> <span class='ocrx_word' id='word_1_231' title='bbox 732 3804 883 3865; x_wconf 81' lang='grc' dir='ltr'><strong><em>ιιάιιλοο”</em></strong></span> <span class='ocrx_word' id='word_1_232' title='bbox 866 3830 936 3878; x_wconf 88' lang='grc' dir='ltr'><strong><em>ορον</em></strong></span> <span class='ocrx_word' id='word_1_233' title='bbox 920 3810 1069 3880; x_wconf 42' lang='grc' dir='ltr'><strong><em>νΡλαλη</em></strong></span> <span class='ocrx_word' id='word_1_234' title='bbox 1096 3813 1148 3867; x_wconf 83' lang='grc' dir='ltr'><strong><em>τοῦ</em></strong></span> 
     </span>
     <span class='ocr_line' id='line_1_31' title="bbox 118 3867 194 3943; baseline 0.053 -17"><span class='ocrx_word' id='word_1_235' title='bbox 118 3867 194 3943; x_wconf 79' lang='grc' dir='ltr'><strong><em>ὅρον</em></strong></span> 
     </span>
    </p>
   </div>
   <div class='ocr_carea' id='block_1_10' title="bbox 0 0 1212 4236">
    <p class='ocr_par' dir='ltr' id='par_1_12' title="bbox 0 0 1212 4236">
     <span class='ocr_line' id='line_1_32' title="bbox 0 0 1212 4236; baseline 0 0"><span class='ocrx_word' id='word_1_236' title='bbox 0 0 1212 4236; x_wconf 95' lang='lat' dir='ltr'><strong><em> </em></strong></span> 
     </span>
    </p>
   </div>
  </div>
 </body>
</html>
