2414 4236
237 495 394 550 SOHOLIA
412 497 451 548 m
469 493 742 547 ELEMENTORUM
760 492 899 547 LIBRUM
912 493 944 548 V.
1036 489 1102 556 305

455 708 512 773 Ad
535 729 641 792 prop.
663 706 737 773 VII.

158 836 209 902 60.
246 839 314 900 Διῑ
329 830 519 918 γινώσκειν,
543 828 595 897 ὅτι
614 831 651 898 έν
669 828 732 916 μὲν
749 839 790 918 τῇ
812 826 979 909 ἀποδείξει
1001 828 1104 896 ἑνοῦν

90 936 199 1009 δεῖτὸ
220 944 253 1006 Γ
268 938 324 1005 καὶ
344 944 383 1023 Ζ,
406 938 443 1004 έν
465 935 502 1005 δὲ
524 940 565 1024 τῇ
588 939 773 1024 κατασκευῇ
799 940 942 1022 διαιρεῖν
965 937 1012 1014 εἰς
1031 933 1104 1003 δύο.

456 1151 512 1216 Ad
535 1173 639 1237 prop.
662 1149 754 1216 VIH.

160 1279 212 1344 61.
253 1270 297 1342 Τὸ
321 1273 383 1360 μὲν
401 1279 468 1341 ΑΒ
491 1277 575 1343 ἔστω
593 1273 752 1361 ἀριθμῶν
772 1264 804 1359 Β
826 1273 865 1340 τὸ
885 1271 922 1340 δὲ
940 1277 973 1339 Γ
990 1273 1104 1357 τριῶν,
1143 1292 1159 1342 ο

93 1380 176 1450 ἄλλο
200 1378 281 1448 δὲ
262 1406 281 1448 ο
305 1385 399 1467 ἔτυχε
421 1378 460 1448 τὸ
486 1386 520 1446 A
542 1384 626 1448 ἔστω
650 1370 859 1466 άρνθμῶνβ.
897 1403 927 1446 τι
959 1369 1022 1447 οὖν
1041 1383 1106 1445 ΑΒ

93 1487 178 1571 πρὸς
198 1486 237 1555 τὸ
258 1493 291 1553 A
314 1492 448 1572 μείζονα
471 1487 576 1573 λόγον
598 1484 705 1574 ἔχει”
683 1510 767 1573 ηπερ
789 1484 829 1553 τὸ
848 1490 880 1553 Γ
898 1484 982 1573 πρὸς
1002 1485 1041 1553 τὸ
1060 1491 1107 1551 A

94 1596 134 1660 τὰ
153 1592 218 1680 γὰρ
236 1584 380 1678 Βτῶνβ
399 1595 590 1676 διπλάσιον,
613 1589 653 1659 τὰ
673 1590 711 1660 δὲ
728 1595 805 1676 τρία
817 1594 921 1677 τῶνβ
943 1588 1107 1717 ἡμιόλιον.

93 1699 204 1768 καλ
171 1725 209 1768 το
234 1708 268 1766 A
294 1698 378 1786 πρὸς
404 1697 443 1767 τὸ
469 1704 502 1766 Γ
526 1703 660 1785 μείζονα
688 1697 793 1784 λόγον
821 1695 935 1785 ἔχει’
913 1722 997 1784 ηπερ
1024 1695 1109 1781 πρὸς

93 1804 131 1874 τὸ
147 1813 225 1874 ΑΒ·
243 1833 306 1875 του
291 1803 438 1893 ἰμὲν
401 1831 466 1892 γαρ
484 1803 703 1892 υφημιόλιον,
721 1829 784 1871 του
767 1802 840 1872 ’δὲ
853 1800 1108 1872 ὑποδιπλάσιον.
1128 1824 1162 1873 10

94 1912 164 1979 ἐπεὶ
181 1910 248 1997 γὰρ
267 1910 379 1997 μεῖζόν
398 1908 523 1979 ἔστιτὸ
543 1918 608 1978 ΑΒ
631 1912 692 1979 τοτ’
711 1915 750 1996 Γ,
772 1915 899 1979 κείσθω
917 1913 963 2000 τῷ
982 1915 1014 1976 Γ
1033 1917 1109 1977 ἴσον

94 2016 133 2085 τὸ
157 2024 233 2100 ΒΕ,
255 2015 363 2103 ἤγουν
384 2016 425 2086 τά
450 2009 472 2085 Β
494 2016 713 2103 γενέσθωσαν
737 2021 785 2096 εἰς
806 2021 829 2102 γ
850 2016 906 2084 ιιαὶ
929 2020 976 2096 εἰς
1000 2021 1031 2101 ἆ,
1054 2015 1111 2083 καλ

96 2126 180 2189 ἔστω
204 2119 244 2188 τά
266 2126 289 2207 γ
311 2128 391 2207 ΒΕ,
423 2122 461 2191 τὸ
491 2120 528 2190 δὲ
557 2125 594 2190 ἓν
618 2129 694 2190 ΑΕ.
738 2119 778 2191 τὸ
806 2121 849 2208 δὴ
877 2126 1020 2191 ἔλασσον
1041 2124 1110 2190 τῶν

97 2234 176 2311 ΑΕ,
193 2233 257 2295 ΕΒ
279 2227 651 2317 πολλαπλασιαζόμενον
665 2234 756 2296 ἔσται
774 2225 854 2296 ποτὲ
866 2238 929 2296 τοῦ
943 2235 977 2293 A
990 2234 1110 2315 μεῖζον.

96 2332 445 2402 πεπολλαπλασιάσθω
467 2332 505 2404 τὸ
530 2342 600 2402 ΑΕ
626 2332 734 2422 ἤγουν
761 2332 800 2402 τὸ
825 2334 877 2418 ἓν,
909 2334 972 2412 ἕως
1003 2323 1046 2401 οὗ
1072 2330 1110 2401 τὸ
1131 2355 1164 2404 ιο

95 2439 282 2527 γενόμενον
300 2445 412 2528 μεῖζον
434 2441 571 2528 γένηται
592 2451 654 2509 τοί
676 2448 719 2526 Δ,
742 2439 892 2508 τουτέστι
913 2443 982 2507 τῶν
999 2429 1032 2524 Β,
1055 2438 1111 2505 καὶ

97 2551 180 2615 ἔστω
202 2550 265 2614 τοῦ
287 2554 359 2615 ΑΕ
383 2547 584 2635 τριπλάσιον
605 2546 643 2616 τὸ
669 2553 743 2614 ΖΗ
759 2542 916 2633 άριθμῶν
943 2542 1112 2631 τυγχάνον

96 2647 200 2741 τριῶν
223 2658 336 2739 μεῖζον
359 2649 402 2722 ὃν
423 2659 486 2722 τοῦ
509 2663 559 2740 A,
581 2654 637 2721 καὶ
661 2651 869 2721 ὁσαπλάσιόν
891 2653 961 2720 έστι
982 2649 1020 2718 τὸ
1044 2656 1117 2717 ΖΗ

97 2762 158 2826 τοῦ
173 2769 204 2826 Α
214 2765 253 2844 Ε,
273 2764 342 2828 ἔστι
362 2761 399 2828 δὲ
417 2758 627 2848 τριπλάσιον,
644 2757 935 2829 τοσαυταπλάσιον
948 2758 1112 2843 γεγονέτω

97 2865 154 2931 καὶ
172 2864 211 2933 τὸ
229 2864 291 2951 μὲν
310 2872 378 2934 ΗΘ
401 2864 560 2953 ἀριθμῶν
581 2866 749 2954 τυγχάνον
771 2857 801 2934 θ
820 2867 882 2934 τοί·
902 2871 965 2932 ΕΒ
984 2861 1108 2950 δηλαθά
1132 2886 1167 2935 ιο

98 2981 168 3038 τῶν
195 2975 314 3058 τριῶν,
346 2971 384 3041 τὸ
418 2972 456 3041 δὲ
483 2979 518 3040 K
549 2970 672 3060 ὁμοίως
703 2971 862 3060 άρνθμῶν
892 2970 1060 3059 τυγχάνον
1087 2963 1114 3038 θ

99 3080 161 3145 τοῦ
175 3081 208 3143 Γ
225 3081 328 3163 τριῶν
351 3076 450 3158 ὄντος
472 3077 640 3165 άρνθμῶν,
663 3078 719 3146 καὶ
738 3077 891 3165 εἰλήφθω
909 3088 970 3145 τοῦ
988 3086 1021 3144 A
1039 3075 1114 3163 ἤτοι

98 3186 168 3250 τῶν
190 3188 213 3268 β
236 3184 415 3252 διπλάσιον
437 3182 476 3253 τὸ
500 3191 530 3250 Λ
553 3184 711 3273 άριθμῶν
734 3185 774 3253 ὂν
798 3176 835 3271 Β,
857 3186 1054 3271 τριπλάσιον
1077 3181 1115 3251 δέ

98 3288 137 3356 τὸ
158 3295 203 3356 Μ
220 3287 378 3376 άριθμῶν
401 3286 444 3359 ὂν
461 3295 493 3375 ξ,
516 3289 756 3378 τετραπλάσιον
780 3292 819 3359 δὲ
840 3289 879 3358 τὸ
898 3296 938 3358 Ν
957 3289 1115 3376 ἀριθμῶν

101 3391 142 3463 ὂν
165 3400 203 3481 ᾗ,
231 3394 478 3465 πενταπλάσιον
502 3398 539 3465 δὲ
561 3395 599 3466 τὸ
622 3400 654 3474 Ξ
677 3395 837 3484 άρνθμῶν
866 3392 908 3465 ὃν
930 3398 1024 3465 δέκα·
1060 3395 1116 3463 καὶ
1134 3418 1168 3467 ιο

102 3534 315 3541 ————·

173 3595 216 3646 60.
236 3590 275 3645 b'.
350 3596 392 3647 61.
411 3591 467 3646 ΔΒ.

175 3774 219 3823 15.
237 3764 269 3824 τὸ
285 3765 420 3838 ἔτ1ΒλνΒ
476 3772 518 3823 22.
537 3768 635 3842 τριῶν]
649 3783 801 3857 suprascr
816 3769 877 3824 ead
891 3770 1017 3825 manub.
1072 3773 1119 3823 ‘A

103 3835 223 3909 ὅν.]οιω
241 3839 274 3894 A
341 3846 384 3895 24.
404 3836 577 3912 ὄν]οαιΑ.
646 3844 691 3899 25.
711 3835 838 3915 Βήοῐο.
858 3842 894 3899 Β.
953 3834 1090 3910 ΒυΧοω.
1103 3840 1140 3888 Β

152 3936 194 3975 αι
198 3935 292 3979 aesna
282 3937 487 3992 §.eoactum
501 3942 596 3987 ιιοιιιι
564 3954 632 3999 ιιι.ιι
653 3944 685 3987 v.
946 3931 989 3983 ΒΒ
