2414 4236
227 490 383 545 senona
400 492 440 543 m
457 490 733 543 ELEMENTORUM
749 491 889 543 LIBRUM
902 492 924 545 Ι.
1013 490 1074 553 151

135 633 188 699 69.
229 636 366 712 Μείζων
397 629 463 719 ἀρα
500 628 521 716 ἡ
554 626 620 698 ῦτιό
654 635 754 698 ΑΓΛ
789 634 849 716 τής
880 629 945 699 ὑπὸ
979 639 1083 700 ΒΑΕ

64 762 97 824 μ.
118 741 178 825 44,
203 740 304 821 1-2]
332 733 353 822 ή
382 734 446 824 γὰρ
473 734 540 804 ὑπὸ
568 743 671 804 ΒΑΕ
697 745 753 822 ίση
782 739 916 823 ἐδείχθη
943 741 983 825 τή
1011 735 1078 806 ὑπὸ

67 847 173 929 ΕΓΖ,
195 835 236 930 ἧς
258 849 378 930 μείζων
401 841 422 929 ή
445 841 511 911 ὑπὸ
532 848 627 911 ΕΓΔ
648 840 889 911 ἀποδέδεικται.

418 1041 473 1105 Ad
496 1062 601 1125 prop.
624 1040 730 1106 XVII.

134 1164 186 1228 70.
223 1159 279 1229 Ἐν
311 1166 356 1253 τῶ
391 1162 432 1242 ιζ’
464 1160 658 1247 θεωρήματι
690 1159 855 1247 ἀορίστως
887 1165 1078 1229 δείκνυνται
1115 1185 1131 1233 σ

64 1263 244 1335 ὁποιαιοῦν
268 1269 331 1336 ὀῦο
354 1273 475 1354 γωνίαι
496 1273 559 1335 τοῦ
581 1267 749 1353 τριγώνου
771 1266 834 1334 δύο
854 1264 971 1353 ὀρθῶν
990 1268 1079 1335 ἐλάτ-

64 1398 176 1458 τονες,
207 1374 245 1440 ἐν
277 1373 314 1441 ὀέ
341 1387 411 1452 τοῖς
439 1375 558 1460 ἐφεξῆς
583 1374 638 1441 καὶ
669 1371 952 1459 ἀφορισθήσεται,
985 1373 1079 1464 πόσῳ

66 1479 237 1564 ἐλάττους,
266 1478 380 1567 ὅτιτῇ
402 1488 502 1569 λοιπή
525 1483 587 1548 τοῦ
610 1479 777 1565 τριγώνου
800 1486 919 1569 γωνίᾳ·
956 1483 995 1546 αί
1013 1479 1078 1566 γάρ

66 1597 158 1668 τρεῖς
181 1584 278 1652 δυσὶν
300 1583 422 1666 ὀρθαῖς
444 1593 515 1652 ίσαι
533 1589 628 1652 είσίν.
667 1582 752 1652 ῶστε
775 1587 813 1650 αί
829 1584 892 1653 δύο
915 1590 955 1673 τῇ
980 1590 1078 1673 λοιπή

66 1693 283 1759 ἐλαττοῦνται
305 1694 371 1759 τῶν
395 1689 458 1758 δύο
483 1687 609 1777 ὀρθῶν.
646 1689 798 1776 φανερὸν
821 1693 869 1775 ὀέ,
893 1689 942 1758 ὅτι
962 1702 1079 1779 χρῆται
1101 1715 1133 1762 10

63 1795 82 1865 ὁ
107 1793 320 1882 στοιχειωτής
336 1800 382 1886 τῷ
401 1792 466 1883 πρὸ
485 1794 609 1863 τοῦτον
626 1796 819 1882 θεωρήματι
838 1794 921 1884 πρὸς
939 1797 1001 1883 τὴν
1019 1808 1080 1866 τοῦ

63 1904 289 1990 προκειμένου
308 1904 421 1981 δεῖξιν.
457 1901 675 1987 σκοπήσομεν
696 1902 733 1970 ὀέ
751 1904 806 1969 καὶ
825 1900 920 1989 ἡμεῖς
936 1905 999 1991 τήν
1016 1908 1079 1971 τοῦ

64 2008 234 2095 τριγώνου
256 2010 405 2095 γένεσιν,
427 2008 483 2074 καὶ
506 2008 569 2093 τήν
592 2013 704 2076 αἰτίαν
728 2007 870 2097 εὐχερῶς
893 2009 1079 2098 εὑρήσομεν

65 2118 131 2184 τοῦ
141 2113 389 2202 συμπτώματος,
402 2118 474 2193 πῶς
482 2117 696 2182 ἐλαττοῦνται
711 2117 773 2182 δύο
784 2113 912 2199 ὀρθῶν.
929 2121 1079 2183 ἔστωσαν

61 2220 132 2309 γάρ
155 2222 218 2290 δύο
241 2217 376 2290 εῦθεῖαι
399 2223 436 2286 αί
452 2228 528 2305 ΑΒ,
548 2225 610 2288 ΓΛ
633 2220 685 2287 ἐπὶ
705 2220 805 2304 βάσιν
826 2220 998 2304 ἱστάμεναι
1017 2221 1079 2307 τήν
1099 2245 1132 2292 1ο

63 2336 136 2397 ΒΔ
157 2329 241 2415 πρὸς
264 2326 373 2415 ὀρθάς
395 2334 528 2412 γωνίας.
566 2332 597 2394 εί
619 2320 684 2394 οὖν
707 2328 817 2411 μέλλει
836 2328 995 2411 γενέσθαι
1013 2333 1079 2415 τρί·

61 2460 190 2521 γωνον,
213 2437 267 2502 θεῖ
287 2438 470 2501 συννεῦσαι
492 2432 575 2519 πρὸς
598 2430 744 2517 ἀλλήλας
765 2432 825 2510 τάς
848 2439 929 2517 ΑΒ,
952 2436 1029 2515 ΓΔ,
1057 2430 1078 2517 ή

62 2540 103 2610 δέ
127 2540 306 2617 σάννευσις
329 2541 461 2607 ἐλαττοῖ
480 2538 540 2618 τάς
558 2537 653 2616 ἐντὸς
672 2542 808 2622 γωνίας·
832 2534 916 2605 ῶστε
934 2536 993 2616 τάς
1013 2537 1077 2625 πρὸ

58 2651 124 2732 τῆς
155 2647 365 2725 συννεῦσεως
397 2642 505 2731 ὀρθάς
536 2643 665 2729 ἀνάγκη
698 2643 778 2729 μετὰ
805 2643 867 2730 τήν
895 2643 1078 2713 σύννευσιν

58 2752 222 2832 ἐλάττους
243 2758 399 2837 γίνεσθαι
423 2753 486 2820 δύο
511 2750 638 2836 ὀρθῶν.
682 2754 783 2818 τοῦτο
810 2743 873 2818 οὖν
895 2750 932 2819 τό
957 2760 1077 2836 αἴτιον,
1096 2774 1131 2822 20

57 2859 120 2927 καὶ
140 2855 216 2944 οὐχί
233 2856 272 2926 τὸ
291 2864 425 2943 μείζονα
445 2855 531 2924 εἶναι
549 2856 611 2941 τήν
626 2858 717 2934 ἐκτὸς
732 2858 884 2943 ἑκατέρας
897 2860 965 2925 τῶν
985 2856 1080 2937 ἐντὸς

57 2967 120 3034 καί
149 2963 351 3032 ἀπεναντίον
379 2967 523 3049 γωνιῶν.
578 2966 799 3048 ἐκβεβλῆσθαι
827 2962 888 3047 μὲν
919 2961 984 3046 γάρ
1016 2961 1079 3047 τὴν

57 3070 212 3157 πλευράν
232 3068 294 3136 οῦκ
312 3068 443 3156 ἀνάγκη
463 3067 542 3136 οὐδὲ
557 3073 616 3148 ἔξω
631 3067 706 3135 τινὰ
721 3066 923 3140 συνεστάναι
939 3073 1078 3152 γωνίαν,

55 3181 133 3246 τῶν
159 3175 198 3244 δὲ
226 3175 322 3255 ἐντὸς
348 3180 482 3262 γωνιῶν
511 3174 575 3242 δύο
598 3172 785 3242 ὁποιασοῦν
813 3172 900 3240 εἶναι
924 3171 1080 3250 ἐλάττους

59 3282 129 3352 δύο
158 3280 278 3368 ὀρθῶν
306 3280 506 3368 ἀναγκαῖον,
534 3281 571 3348 τὸ
602 3280 639 3348 δέ
667 3279 712 3366 μή
735 3278 920 3364 ἀναγκαῖον
944 3282 1013 3356 πῶς
1035 3273 1078 3344 ἀν
1098 3301 1132 3349 25

58 3398 116 3476 είη
140 3398 250 3457 αίτιον
273 3393 335 3456 τοῦ
358 3387 558 3473 ἀναγκαίους

132 3500 185 3564 71.
219 3492 288 3563 Διά
311 3493 434 3562 τούτου
458 3493 495 3561 δὲ
517 3503 578 3560 τοῦ
601 3491 819 3578 θεωρήματος
847 3489 995 3558 δυνατὸν
1022 3487 1079 3556 κά-

55 3626 278 3639 -----

133 3680 177 3730 ω.
196 3674 222 3729 b.
299 3677 342 3727 το.
362 3669 479 3740 νιος).
555 3676 597 3724 τι,
616 3668 646 3722 P.

131 3853 158 3890 ν.
178 3831 268 3903 ποτε]
286 3849 315 3900 q,
333 3825 370 3893 ὡς
389 3829 414 3902 Ἰ.
436 3828 467 3886 V.
540 3835 583 3884 21.
601 3828 731 3900 μείζονα]
751 3845 782 3900 η,
800 3828 895 3902 μεῖζον
912 3826 953 3885 V.
