2414 4236
319 472 595 526 ELEMENTORUM
612 474 721 524 LIBER
740 475 797 528 XV.
1022 474 1066 539 49

52 617 190 700 angulos
212 615 492 698 comprehendunt
512 614 665 698 [XJ,10],
688 619 721 681 et
743 618 868 702 reliqua
892 618 1067 685 manifesta

51 727 137 789 sunt.
188 722 332 806 fingatur
358 743 379 786 a
406 726 433 786 Z
461 721 502 786 ad
531 721 667 805 planum
694 726 868 808 pentagoni
897 729 1069 790 ΑΒΓΔΕ

51 827 327 912 perpendicularis
356 827 468 912 ducta,
500 849 581 912 quae
605 829 700 893 cadet
726 829 761 893 in
785 833 930 896 centrum
954 832 1067 896 circuli

50 936 173 1000 circum
204 938 430 1019 pentagonum
458 934 704 1019 circumscripti.
750 936 816 1000 ianr
845 937 872 1001 si
900 937 940 1001 ab
964 921 1003 1002 N
1026 938 1067 1002 ad

50 1047 219 1125 punctum,
241 1040 277 1104 in
295 1063 360 1125 quo
378 1041 656 1126 perpendicularis
676 1063 696 1105 a
714 1046 741 1105 Z
763 1041 950 1107 duciacum
969 1044 1067 1128 plano

51 1147 230 1230 concurrit,
262 1150 384 1212 rectam
415 1146 601 1212 duxerimus
629 1152 663 1211 ct
691 1169 749 1230 per
772 1152 801 1211 Θ
824 1150 853 1212 ei
877 1149 1068 1233 parallelum

54 1252 250 1337 (luxerimus,
265 1252 474 1318 manifestum
485 1257 544 1337 est,
558 1253 643 1318 hanc
654 1275 725 1318 cum
740 1254 1001 1340 perpendiculari
1012 1258 1068 1318 aZ

57 1359 153 1424 ducta
175 1379 375 1442 concurrere,
399 1361 433 1422 et
453 1363 577 1423 rectam
597 1362 663 1423 ad)
687 1358 815 1425 ductam
840 1382 912 1426 cum
936 1380 1069 1443 perpen-

56 1464 193 1531 diculari
215 1486 236 1529 a
258 1468 287 1529 Z
315 1464 412 1529 ducta
435 1467 559 1529 rectum
583 1465 738 1550 angulum
762 1465 1069 1548 comprehensurum

56 1592 138 1638 esse.
181 1593 291 1636 rursus
319 1569 348 1634 si
376 1591 397 1634 a
423 1571 552 1653 punctis
581 1575 622 1654 Z,
645 1575 684 1636 H
712 1570 753 1636 ad
786 1576 930 1636 centrum
958 1572 1070 1637 circuli

55 1678 177 1743 circum
211 1681 434 1762 pentagonum
471 1681 643 1742 ΑΒΓΔΕ
680 1679 913 1762 circumscripti
956 1683 988 1742 et
1028 1679 1068 1743 ad

54 1788 224 1868 punctum,
244 1784 278 1847 in
298 1804 363 1867 quo
381 1787 471 1848 recta
490 1806 510 1848 a
528 1787 557 1848 Θ
575 1783 672 1848 ducta
690 1805 762 1848 cum
781 1788 870 1849 recta
888 1807 908 1849 a
928 1788 954 1848 Z
973 1784 1071 1849 ducta

55 1891 230 1973 concurrit,
243 1893 350 1954 rectus
365 1889 559 1973 duxerimus,
573 1889 654 1954 haec
668 1911 741 1954 cum
755 1890 865 1955 eadem
880 1893 937 1955 illa
947 1895 1071 1956 rectum

55 1996 213 2081 angulum
238 1995 506 2080 comprehcndct3
534 1995 618 2061 unde
641 1995 885 2082 manifestum¹)
909 2001 972 2081 est,
995 2018 1071 2082 pen·

56 2109 216 2188 tagonum
239 2105 431 2167 ΗΘΚΛΜ
451 2103 485 2165 in
507 2123 572 2167 uno
595 2103 695 2184 plano
719 2124 788 2167 esse
812 2104 965 2186 positum.

124 2207 263 2293 Oportet
280 2229 340 2271 nos
361 2207 451 2291 scire,
470 2207 497 2272 si
516 2210 589 2292 quie
607 2207 702 2272 nobis
722 2207 853 2272 dixerit:
872 2211 952 2291 quot
969 2209 1073 2273 latera

57 2314 159 2379 habet
181 2313 406 2379 icosaedrum?
433 2348 471 2360 —·
497 2319 566 2379 tum
590 2336 652 2379 nos
675 2315 724 2378 ita
747 2335 959 2396 responsuros
988 2337 1072 2380 esse:

58 2421 269 2487 manifestum
303 2424 366 2503 est,
398 2421 601 2486 icosaedrum
634 2419 753 2504 uiginti
784 2419 958 2505 triangulis
989 2441 1073 2484 com-

57 2525 229 2611 prehendi,
264 2530 298 2591 et
329 2527 475 2611 singulos
508 2527 692 2612 triangulos
724 2527 831 2592 tribus
863 2526 959 2592 rectis
990 2549 1073 2592 com-

59 2633 226 2717 prehendi.
281 2654 380 2717 quare
410 2637 555 2718 oportet,
587 2632 842 2717 multiplicemus
872 2634 989 2719 uiginti
1016 2634 1073 2698 tri-

61 2741 199 2825 angulos
222 2739 258 2803 in
285 2739 390 2804 latera
416 2740 587 2824 trianguli3
616 2740 699 2803 fiunt
726 2741 909 2823 sexaginta3
937 2763 1074 2825 quorum

59 2844 228 2910 dimidium
261 2845 299 2908 fit
329 2845 477 2930 triginta.
530 2849 563 2910 et
590 2845 741 2910 similiter
768 2867 879 2911 rursus
909 2847 1008 2910 etiarn
1040 2846 1075 2910 in

59 2950 271 3016 dodecaedro.
291 2952 445 3035 quoniam
456 2951 625 3016 duodecim
638 2956 826 3037 pentagona
840 2951 1074 3016 dodeccedrum

59 3056 351 3142 comprehendunt,
383 3061 416 3122 et
443 3080 554 3123 rursus
585 3058 716 3142 singula
743 3062 930 3142 pentagona
959 3058 1075 3141 quinus

135 3216 160 3283 1)
183 3211 228 3268 Ne
251 3214 323 3268 haec
346 3213 459 3282 quidem
483 3214 686 3269 demonstratio
715 3214 784 3268 satia
810 3213 887 3267 clara
909 3216 1076 3267 accurataue

60 3290 117 3352 est3
136 3289 285 3354 praeterea
303 3285 475 3340 constructio
493 3285 557 3355 ipsa
576 3284 743 3340 dodecaedri
763 3285 865 3339 omissa
883 3288 935 3338 est.

917 3394 1077 3405 ———.

61 3478 131 3518 corr.
151 3480 188 3515 m.
209 3467 234 3515 2.
304 3463 423 3530 γωνίαν]
442 3453 464 3535 ᾧ
483 3459 546 3529 ΡΒ;
566 3481 606 3531 por
625 3461 706 3515 Vm.
726 3468 750 3529 1,
770 3446 809 3530 pii
828 3479 865 3516 m.
884 3465 909 3516 2.
976 3456 1076 3530 αὐτῆς]

62 3532 189 3588 καθέτου
208 3550 234 3587 v.
318 3539 359 3586 14.
384 3527 509 3588 ἒστίιΒ.
594 3539 634 3588 16.
658 3529 749 3605 ἡμᾶς]
774 3532 827 3602 del.
847 3531 880 3587 V.
959 3537 1000 3589 1⁷.
1028 3530 1077 3604 ἔχῃ

62 3603 142 3658 Par.
218 3609 261 3659 18.
286 3605 391 3672 εἴκοσι]
415 3602 488 3673 sV,
513 3606 542 3659 et
560 3603 691 3659 similiter
709 3603 827 3674 saepius.
904 3603 1076 3676 περιέχεται]

63 3674 191 3744 περιέχει
209 3674 241 3742 Β,
259 3675 290 3729 ct
307 3674 338 3740 P,
358 3691 429 3729 corr.
443 3692 478 3730 m.
493 3693 547 3730 rec
613 3681 652 3730 19.
672 3670 729 3746 ὅτι]
749 3695 776 3731 τι
790 3675 820 3729 Ρ.
875 3673 1038 3762 περιέχηται
1052 3694 1078 3729 v.

99 3751 142 3802 28.
162 3740 279 3818 ἐπειδή]
298 3739 364 3800 ἐπεί
379 3744 412 3802 V.
491 3743 670 3815 περιέχουσιν
688 3746 719 3801 Ρ.
796 3753 839 3802 at.
859 3748 1000 3801 δωδεκακι
1020 3745 1079 3802 ΡΒ.

99 3815 148 3872 καὶ
166 3818 294 3886 γίνονται
312 3815 345 3871 V.

117 3915 263 3964 Euclides,
277 3914 325 3953 edd
340 3914 444 3965 Reicere
456 3919 481 3958 ct
493 3915 585 3972 diunge.
612 3921 640 3965 V.
921 3922 942 3974 4
