2414 4236
239 506 397 560 §onom
414 508 455 560 m
472 508 749 561 ELEMENTORUM
766 510 905 562 LIBRUM
918 511 940 563 I.
1050 509 1093 572 83

72 644 138 734 τὴν
160 650 338 735 διαίρεσιν.
385 644 404 715 ὁ
437 647 476 715 δέ
506 649 695 734 γεωμέτρης
726 650 785 727 τάς
817 647 1094 736 ἀρχοειδεστάτας

72 755 285 838 παραδιδοὺς
307 755 458 822 ἐνταῦθα
480 753 542 840 μὲν
564 757 627 822 τὸν
648 764 708 841 τῆς
726 751 863 835 εὐθείας
880 757 1092 826 ἀποδέδωκεν

73 859 194 947 λόγον,
226 862 266 928 έν
299 858 337 927 δὲ
365 863 412 951 τῷ
439 861 514 947 περὶ
547 864 608 928 τοῦ
639 859 767 928 κύκλου
794 865 853 947 τῆς
879 867 1092 949 περιφεροῦς,

74 977 189 1053 μικτῆς
203 965 241 1034 δὲ
256 964 411 1052 οὐδαμοῦ
426 967 602 1052 μέμνηται·
615 971 724 1034 καίτοι
738 972 863 1052 γωνίας
874 964 967 1036 οἶδεν
976 972 1093 1056 μικτὰς

73 1069 136 1159 τὴν
148 1076 219 1141 τῦν
238 1069 457 1159 ἡμικιπιλίων,
475 1070 539 1159 τὴν
556 1075 762 1159 κερατοειδῆ,
781 1073 837 1140 καὶ
857 1072 1006 1161 σχήματα
1026 1078 1091 1143 έπί·
1129 1099 1145 1147 ο

70 1182 158 1246 πεδα
181 1181 282 1265 μικτὰ
304 1181 385 1258 τοὺς
406 1180 526 1265 τομίας
547 1179 604 1246 καὶ
627 1181 744 1265 στερεά
771 1205 852 1259 τους
879 1179 1010 1259 κάνους
1036 1182 1093 1248 καλ

70 1288 289 1372 κυλίνδρους,
324 1286 394 1351 τάν
427 1282 465 1353 δὲ
496 1288 659 1371 γραμμῶν
693 1284 931 1371 διαλεγόμενος
962 1284 1092 1354 τούτων

70 1392 181 1477 μόνον
213 1376 464 1476 ἐμνημόνευσεν
496 1389 684 1477 ἡγούμενος
717 1394 789 1458 δεῖν
822 1404 892 1470 τοῖς
920 1391 996 1478 περὶ
1023 1396 1092 1459 τῶν

72 1494 192 1565 ἀπλῦν
214 1498 255 1563 τά
278 1492 367 1563 ἀπλά
390 1495 674 1582 παραλαμβάνειν.

139 1599 333 1688 Ἐπιφάνεια
352 1602 392 1669 δέ
409 1604 512 1687 ἐστιν,
531 1598 669 1688 ὃμῆκος
682 1602 738 1669 καὶ
752 1601 876 1683 πλάτος
890 1602 998 1689 μόνον
1017 1608 1092 1690 ἔχει.
1112 1627 1145 1676 10

141 1706 164 1797 ἡ
183 1706 358 1794 ἐπιφάνεια
378 1712 454 1796 διχῆ
476 1711 639 1775 διαστᾶσα
656 1708 713 1776 καὶ
732 1707 834 1797 ταότη
854 1706 1012 1795 ῦποβᾶσα
1029 1708 1091 1796 τήν

70 1840 106 1883 τε
129 1816 288 1901 γραμμὴν
309 1815 366 1882 καὶ
388 1817 426 1882 τὸ
447 1827 586 1901 σημεῖον
605 1810 739 1900 ἀβαθὴς
758 1820 898 1901 μείνασα
915 1820 976 1884 τοῦ
997 1821 1090 1904 τριχῆ

72 1919 275 1999 διαστάντος
310 1917 542 2006 ἁπλουστέραν
579 1925 696 2007 ἔλαχεν
728 1920 848 2007 φάσιν·
896 1925 950 1990 διο
983 1923 1038 1990 καὶ
1071 1920 1089 1991 ό

74 2027 261 2112 γεωμέτρης
283 2023 321 2094 τό
345 2024 453 2113 μόνον
476 2027 686 2112 προσέθηκεν
711 2026 763 2094 ἐπὶ
787 2039 857 2106 τοῖς
877 2026 939 2095 δῦο
959 2029 1093 2114 διαστή-

73 2134 263 2218 μασιν,’ἵνα
281 2131 460 2199 κάνταῦθα
477 2134 540 2218 τὴν
554 2131 615 2219 μὲν
631 2129 800 2219 ὑπεροχὴν
818 2137 878 2218 τῆς
896 2135 1093 2219 ἐπιφανείας
1111 2155 1144 2206 15

72 2240 136 2324 τὴν
157 2240 240 2305 κατά
264 2241 328 2325 τὴν
350 2237 520 2326 ἁπλότητα
542 2241 605 2325 τὴν
626 2241 711 2324 πρὸς
729 2240 766 2304 τδ
788 2238 925 2324 στερεὸν
944 2244 1090 2327 σημαίνῃ

73 2342 130 2411 διά
152 2347 212 2430 τῆς
235 2341 436 2429 ἀποφάσεως
454 2339 475 2430 ἢ
495 2347 554 2430 τῆς
574 2341 847 2428 ίσοδυναμούσης
864 2347 904 2430 τῇ
924 2340 1092 2428 ἀποφάσει

72 2449 280 2537 προσθήκης,
302 2448 366 2536 τὴν
388 2449 425 2517 δὲ
443 2449 567 2535 ὕφεσιν
586 2447 648 2535 τὴν
667 2449 750 2535 πρὸς
767 2451 808 2515 τά
828 2450 893 2535 πρὸ
912 2445 1015 2535 αὐτῆς
1034 2451 1091 2517 διά

69 2561 140 2625 τῶν
158 2555 391 2642 καταφάσεων.
418 2554 515 2624 άλλοι
534 2555 572 2623 δέ
594 2556 697 2642 πέρας
716 2551 823 2642 αὐτὴν
842 2551 1008 2642 ἀρέσαντο
1029 2554 1090 2623 σφ’-

70 2685 188 2751 ματος·
225 2665 262 2730 τδ
287 2665 352 2750 γάρ
375 2667 545 2749 περατοῦν
572 2666 633 2730 τοῦ
661 2663 913 2749 περατουμένου
940 2666 1001 2754 μιᾷ
1026 2667 1090 2730 λεί·
1110 2688 1144 2737 νο

70 2794 168 2839 πεται
188 2768 375 2855 διαστάσει,
395 2797 440 2849 ως
460 2767 637 2854 ἐπιφάνεια
657 2767 820 2856 σώματος,
838 2772 1034 2855 ἐπιφανείας
1054 2769 1091 2836 δέ

70 2874 221 2965 νεανική,
244 2880 398 2962 κυνικῆς
421 2875 458 2943 δὲ
482 2887 630 2961 σημεῖον-

137 2980 353 3067 Ἐπιφανείας
376 2981 413 3049 δὲ
436 2982 561 3068 πέρατα
583 2989 741 3068 γράμμαί.

137 3088 193 3156 καὶ
217 3085 284 3155 ἀπὸ
305 3087 436 3156 τούτων
461 3085 508 3166 ἀς
531 3086 673 3155 εἰκόνων
700 3088 858 3174 ληπτέον,
887 3084 939 3154 ότι
962 3089 1029 3153 πᾶν
1052 3111 1080 3152 τι

68 3197 243 3282 προσεχοῦς
270 3192 413 3262 ἑκάστου
440 3197 511 3262 τεόν
539 3191 649 3262 ὄντων
673 3190 902 3277 ἁπλούστερον
925 3194 982 3259 τὸν
1007 3189 1089 3277 όρον
1108 3214 1143 3265 25

70 3299 186 3386 ἐπάγει
217 3299 274 3366 καὶ
304 3326 343 3368 το
376 3301 487 3388 πέρας.
536 3300 591 3367 καὶ
624 3326 689 3386 γαρ
721 3327 742 3386 η
775 3311 865 3386 ψνχη
892 3324 958 3384 την
984 3296 1089 3384 φάσιν

69 3420 184 3493 μετρεῖ
208 3407 265 3474 καὶ
291 3409 351 3485 τάς
378 3409 546 3492 ἐνεργείας
573 3402 676 3493 αὐτῆς
702 3407 759 3473 καὶ
785 3408 868 3483 νοῦς
895 3407 955 3482 τὰς
982 3407 1090 3490 ψυχῆς

68 3511 249 3600 περιόδους
266 3513 322 3580 καὶ
340 3513 446 3581 αὐτοῦ
465 3516 527 3581 τοῦ
546 3515 610 3581 νοῦ
628 3515 691 3600 την
712 3510 799 3599 ζωὴν
818 3538 856 3579 το
876 3511 927 3578 ἕν·
950 3511 1089 3578 πάντων

70 3622 136 3707 γάρ
164 3621 273 3687 έκεῖνο
296 3620 434 3706 μέτρον,
468 3617 577 3706 ὥσπερ
605 3619 661 3687 καὶ
689 3632 828 3704 σημεῖον
857 3621 1011 3704 γραμμῆς
1032 3616 1088 3684 καὶ

143 3784 184 3834 12.
203 3741 334 3851 ἀβα-δής]
354 3773 402 3846 -ής
419 3779 450 3832 in
467 3794 521 3834 ras.
540 3796 577 3831 m.
598 3784 622 3831 1.
679 3784 720 3832 16.
740 3779 878 3847 σημαίνει.
940 3782 984 3832 17.
1001 3794 1091 3830 κατα-

71 3845 199 3919 φάπευςς
219 3848 270 3905 cfr.
288 3849 405 3907 proclus
420 3867 449 3919 μ.
471 3854 530 3919 114,
551 3855 592 3905 12.

906 3944 945 4004 g*
