2414 4236
225 483 381 534 εοωοιωι
399 485 438 536 IN
456 482 730 536 ELEMENTORUM
748 484 888 536 LmRuM
902 484 947 536 vl.
1020 481 1085 546 341

72 629 138 690 ΑΒ
162 625 264 709 τυχὸν
288 635 427 708 σημεῖον
450 620 488 690 τὸ
511 629 560 707 H,
588 623 644 690 καὶ
668 621 853 710 ἐπεζεύχθω
877 619 897 710 ἡ
920 628 1004 710 ΓΗ,
1030 623 1087 690 καί

72 726 287 814 ἐκβεβλήσθω
311 725 331 815 ἡ
356 734 429 798 ΑΓ.

434 889 489 955 Ad
512 911 615 974 prop.
638 889 726 955 XVI.

139 1014 191 1078 26.
218 1008 375 1079 Ἔστω
358 1038 378 1098 η
410 1011 472 1097 μὲν
500 1017 565 1078 ΑΒ
595 1009 754 1098 ἀριθμῶν
782 1003 877 1097 06,‘
859 1038 879 1097 η
905 1011 942 1080 δὲ
965 1016 1076 1079 ΓΔ“
1053 1038 1087 1098 η,

70 1120 128 1184 και
150 1115 296 1203 πάλινὴ
325 1117 387 1204 μὲν
410 1124 442 1184 Ε
468 1114 626 1203 ἀριθμῶν
650 1122 684 1202 5,
712 1114 733 1204 ἡ
758 1116 795 1185 δὲ
819 1124 847 1185 Ζ
874 1115 1031 1204 αριθμων
1055 1120 1086 1192 6
1123 1144 1139 1189 6

71 1221 118 1302 ώς
138 1221 179 1291 τὰ
204 1228 238 1308 ιβ
262 1219 346 1308 πρὸς
368 1219 407 1288 τά
430 1232 463 1309 ἦ,
491 1223 597 1302 οὕτως
619 1220 659 1291 τά
683 1228 703 1295 5
725 1222 810 1312 πρὸς
830 1223 871 1292 τὰ
896 1228 926 1292 6.
969 1221 1080 1290 καὶ
1047 1249 1086 1290 το

70 1325 136 1397 ὑπὸ
165 1332 234 1396 τών
258 1333 292 1413 ιβ
310 1328 366 1395 καὶ
386 1332 406 1395 6
429 1330 664 1416 περιεχόμενον
689 1327 904 1417 ὀρθογώνιον
924 1338 999 1397 ίσον
1018 1329 1087 1396 ἐστὶ

70 1438 116 1527 τῷ
140 1431 206 1502 ὑπὸ
231 1437 298 1501 τών
323 1445 344 1520 ἦ
367 1434 464 1500 καὶ
447 1455 466 1504 5
489 1436 711 1527 περιεχομίνω
736 1434 947 1566 ὀρθογωνίῳ.

140 1544 192 1608 27.
231 1534 315 1607 Οἷον
335 1545 484 1608 ἔστωσαν
504 1542 556 1609 ἐπὶ
577 1539 767 1628 ἀρνθμοῦ“
746 1540 822 1623 ωςὸ
839 1553 865 1611 θ
883 1539 968 1628 πρὸς
980 1539 1041 1609 τὸν
1056 1568 1087 1626 γ,

72 1645 179 1725 οὕτως
201 1646 265 1714 6'
244 1673 265 1733 γ
292 1646 376 1734 πρὸς
403 1645 465 1733 τὴν
492 1646 636 1733 μονάδα.
681 1655 955 1718 πολοπλασίασον
978 1649 1039 1714 τὸν
1060 1655 1088 1714 θ
1106 1674 1140 1723 10

71 1751 154 1882 πρὸς
176 1750 239 1839 τὴν
263 1751 395 1839 μονάδα
418 1750 529 1818 καὶ
497 1778 558 1820 τον
577 1779 598 1880 γ
620 1756 703 1838 πρὸς
725 1751 786 1822 τὸν
805 1781 836 1840 γ,
859 1756 915 1822 καλ
934 1751 1088 1841 εὑρήσεις

71 1858 131 1928 τὸν
155 1856 303 1946 ἀριθμὸν
328 1867 415 1927 ἴσον·
446 1856 532 1940 ἅπαξ
555 1857 618 1945 γὰρ
639 1862 780 1943 ἐννέαθ
802 1862 898 1929 naz·
876 1889 898 1949 γ
915 1866 989 1994 γθ.
1030 1862 1086 1930 καὶ

71 1965 181 2044 άλλως
210 1963 255 2044 ὡς
283 1963 300 2031 ὁ
330 1970 350 2035 5
381 1964 464 2051 πρὸς
491 1955 611 2051 6666,
644 1967 749 2047 οὕτως
777 1967 795 2036 6
819 1995 840 2054 γ
868 1969 951 2056 πρὸς
972 1960 1087 2054 6666·

72 2075 344 2138 πολυπλασίασον
373 2071 434 2139 τὸν
463 2077 483 2141 5
514 2068 597 2157 πρὸς
623 2070 684 2140 τὸν
711 2066 737 2159 6
768 2074 824 2141 καὶ
856 2076 916 2143 τὸν
950 2066 971 2141 6
1004 2072 1087 2161 πρὸς

72 2178 133 2243 τὸν
152 2202 183 2260 γ,
206 2176 261 2242 καὶ
285 2176 437 2264 εὑρήσεις
459 2176 579 2245 καὶ“
539 2203 643 2257 ουτως
666 2177 728 2246 τὸν
745 2178 894 2267 ἀριθμὸν
915 2190 999 2250 ἴσον.
1037 2185 1090 2249 δεῖ
1108 2203 1139 2252 16

73 2281 111 2348 δὲ
138 2281 316 2366 γινώσκειν
342 2284 398 2351 καὶ
424 2288 541 2369 τοῦτο,
575 2283 620 2362 ώς
647 2283 789 2352 πάντοτε
820 2286 964 2354 ἐπὶτῶν
988 2284 1087 2374 ὀρθο·

72 2393 207 2473 γωνίων
226 2388 352 2477 πλευρὰ
376 2387 459 2476 πρὸς
476 2387 626 2475 πλευρὰν
645 2391 954 2478 πολυπλασιάξεται.
979 2394 1031 2460 ἐπὶ
1051 2391 1088 2460 δὲ

73 2497 141 2560 τών
165 2491 210 2579 μὴ
235 2492 458 2581 ὀρθογωνίων
482 2495 544 2582 οὐχ
568 2493 683 2574 οὕτως.

139 2603 190 2668 28.
231 2605 371 2681 Γωνίας.
419 2591 469 2668 ών
499 2599 536 2667 66
564 2604 753 2685 ἰσογωνίων
780 2626 811 2688 p.
838 2605 914 2687 118,
938 2604 1000 2685 25]
1031 2605 1086 2669 διὰ

70 2706 108 2774 τὸ
139 2705 186 2773 ιδ’
215 2710 276 2774 τοῦ
304 2704 409 2775 αὐτοῦ
438 2711 617 2793 στοιχείου·
659 2704 701 2773 οὐ
728 2707 812 2794 φησὶ
840 2706 878 2775 66
906 2708 943 2775 ἐν
971 2708 1087 2799 ἐκείνῳ
1106 2732 1141 2780 ‘20

70 2817 138 2881 τῶν
159 2816 348 2898 ἰσογωνίων
367 2810 735 2900 παραλληλογράμμων,
755 2811 800 2892 ώς
819 2813 979 2899 ἐνταῦθα,
1003 2809 1088 2880 ἀλλὰ

73 2922 142 2987 τών
171 2923 251 3004 μίαν
278 2921 339 3008 μιᾷ
367 2927 444 3004 ίσην
472 2918 631 3005 ἐχόντων·
670 2918 831 3006 ἰσογώνια
859 2918 897 2987 δὲ
924 2919 1089 3005 λέγονται,

72 3022 154 3093 ὅταν
178 3028 277 3111 ἔχωσι
299 3023 408 3104 πάσας
430 3022 554 3103 πάσαις
578 3032 660 3104 ίσας.
707 3030 738 3092 εί
764 3024 801 3093 δὲ
828 3030 896 3094 τῶν
925 3031 1007 3113 μίαν
1030 3028 1090 3114 μιᾷ

71 3129 218 3218 ἐχόντων
256 3137 334 3215 ίσην
371 3127 662 3198 ἀντιπεπόνθασιν
700 3133 737 3198 αλ
771 3132 910 3219 πλευραὶ
942 3133 981 3198 ιιί
1014 3130 1090 3216 περὶ

73 3241 212 3322 ἐκείνας,
231 3240 362 3316 πάντως
381 3240 498 3322 δῆλον,
518 3234 570 3305 ὅτι
591 3237 647 3305 καὶ
665 3241 733 3305 τών
751 3236 859 3317 πάσας
876 3236 998 3317 πάσαις
1017 3245 1091 3316 ίσας
1108 3259 1143 3310 26

71 3343 218 3430 ἐχόντων
248 3341 537 3410 ἀντιπεπόνθασιν
568 3345 607 3409 αί
636 3346 711 3429 περὶ
739 3368 799 3424 τας
826 3352 907 3423 ἴσας.
951 3348 1022 3424 πώς
1052 3343 1090 3411 δὲ

71 3449 240 3534 ἰσογώνια
263 3451 303 3516 τὰ
329 3445 537 3535 ὀρθογώνιας
574 3449 663 3518 θιότι
691 3448 833 3536 ὁρίζεται
861 3440 958 3530 οὗτος
985 3449 1023 3519 τὸ
1053 3452 1090 3519 ἐν

142 3615 185 3663 66.
204 3605 277 3663 Vbb
350 3613 393 3663 27.
412 3608 455 3662 6².
528 3613 570 3664 26.
590 3605 715 3678 6666).

144 3756 168 3803 1
192 3750 255 3836 AB]
277 3751 399 3817 Am,
424 3749 537 3837 AAV,
559 3754 615 3805 Al(
633 3749 697 3806 Vnt.
768 3749 907 3842 Hjoorr.
927 3751 1089 3807 exKVat.

107 3825 149 3875 2⁷.
171 3812 268 3893 οὗτος]
289 3820 370 3876 scrib.
389 3793 490 3875 uel''
456 3840 544 3885 ουτως
563 3823 608 3878 οε]
627 3822 722 3894 potius
741 3842 840 3888 αοτος.
