2414 4236
222 455 378 509 senona
396 458 435 509 m
452 458 726 511 Εεωιιοιετοιιιιιι
744 459 883 511 mmm
896 461 943 512 1v.
1019 456 1086 523 275

70 600 264 681 δοθέν[τος]
288 595 455 684 σχήματος
478 602 614 684 γωνιῶν
638 593 662 685 ή
689 604 927 688 περιφερειῶν,
954 598 1085 686 δηλαδή

28 735 31 740 ·
69 706 133 774 τοῦ
157 701 262 787 ἐντός,
285 701 497 790 ἐφάπτωνται
519 708 581 772 τοῦ
604 704 697 786 ἐκτὸς
719 707 759 773 αί
778 710 961 792 π[λενραί].

481 934 538 1001 Ad
562 936 630 1002 def.
656 938 684 1003 7.

139 1058 169 1124 7.
197 1051 471 1144 Ἐναρμόζεσθαι]
492 1054 574 1127 ὅταν
593 1056 694 1145 άμφω
709 1055 749 1126 τὰ
763 1044 888 1144 πέρατα
902 1056 1087 1147 ἐφάπτηται

67 1165 129 1249 τῆς
151 1167 370 1251 περιφερείας.
1122 1165 1139 1216 5

462 1324 520 1391 Ad
542 1348 645 1410 prop.
669 1326 695 1391 Ι.

139 1451 170 1516 8.
208 1442 298 1515 Ἐπεὶ
329 1446 455 1528 παντὸς
487 1446 654 1535 σχήματος
689 1446 898 1535 ἁπλουστέρα
935 1449 1026 1516 ἐστὶν
1062 1442 1084 1534 ή

69 1551 206 1641 γραμμή
235 1552 291 1620 διὰ
318 1553 356 1621 τὸ
388 1556 421 1635 ἐξ
450 1552 554 1641 αὐτῆς
581 1548 602 1639 ή
628 1550 741 1622 αὐτῶν
764 1557 831 1622 πᾶν
854 1550 942 1623 εἶναι
964 1556 1087 1641 σχήμα,

59 1663 129 1743 ,διὰ
156 1664 272 1740 τοῦτοΙ
289 1661 453 1749 πρότερον
485 1659 561 1745 περὶ
587 1665 665 1746 τοῦ,
697 1663 767 1741 πως
798 1662 1087 1749 ἐναρμοσθήσεται

70 1763 190 1837 εὐθεῖα
222 1768 260 1835 ἐν
291 1765 401 1857 κύκλφ
434 1765 655 1852 διαλαμβάνει
687 1768 724 1836 ἐν
753 1770 800 1860 τῷ
832 1769 982 1859 προτίρφ
1007 1790 1084 1855 προ
1107 1785 1140 1834 10

68 1874 222 1961 βλήματι.
259 1870 315 1941 διὰ
339 1875 438 1941 τοῦτο
461 1868 526 1958 γάρ
544 1871 600 1940 καί
622 1872 683 1941 τὸν
706 1877 754 1952 είς
775 1883 876 1942 τοῦτο
900 1870 1087 1960 συμβαλλό-

69 2006 176 2069 μενον
209 1976 292 2064 ὅρον
324 1986 516 2048 τελευταῖον
546 1977 736 2065 τετήρηκεν.
792 1976 859 2048 εἶθ’
886 1976 974 2048 οὕτω
1006 2002 1087 2065 προ-

70 2091 200 2174 βαίνων
227 2082 296 2176 ὁδῷ
323 2085 379 2152 καί
406 2085 482 2172 περὶ
508 2095 585 2171 τοῦ,
613 2095 684 2163 πῶς
711 2086 820 2172 σχῆμα
843 2083 1087 2171 εὐθύγραμμον

70 2191 314 2281 ἐγγραφήσεται
338 2187 359 2279 ή
382 2189 666 2279 περιγραφήσεται
686 2189 797 2282 κύκλῳ
820 2187 841 2257 ί
866 2195 1008 2276 ἔμπαλιν
1029 2188 1086 2258 κά-

69 2305 150 2379 ιιλος
171 2297 411 2390 εὐθυγράμμῳ,
436 2297 573 2384 διδάξει,
597 2295 811 2383 πρῶτονμὲν
829 2294 994 2382 περὶτοῦ,
1016 2299 1086 2375 πῶς
1107 2315 1139 2364 15

69 2410 248 2492 τρίγωνον,
269 2402 338 2472 είτα
357 2402 568 2491 τετράγωνον
587 2404 642 2472 καί
662 2404 781 2490 ἐφεξῆς
798 2398 1015 2488 πεντάγωνον
1029 2401 1086 2468 καί

70 2509 152 2598 μετὰ
175 2516 280 2580 ταῦτα
303 2509 482 2597 ἑξάγωνον.

459 2727 640 2811 Ad'prop.
664 2724 706 2792 II.

141 2851 171 2914 9.
208 2845 361 2937 Ἐδείχθρ
395 2852 432 2918 ἐν
462 2848 514 2917 ἑνὶ
542 2845 736 2934 θεωρήματι
765 2848 827 2913 τοῦ
855 2844 889 2910 α’
918 2848 1086 2931 στοιχείου

74 2954 120 3039 [1,
146 2955 215 3041 13],
251 2951 316 3043 ὅτι,
351 2954 411 3025 ἐὰν
439 2952 556 3024 εὐθεῖα
584 2952 634 3023 ἐπ’
664 2949 804 3021 εὐθεῖαν
831 2959 993 3019 σταθεῖσα
1021 2956 1086 3017 εῖτε
1104 2969 1139 3018 20

72 3063 155 3148 μίαν
178 3067 242 3130 είτε
263 3068 399 3142 πλείους
422 3064 540 3149 ἐφεξῆς
562 3062 641 3148 ποιῇ
669 3061 809 3146 γωνίας,
837 3055 937 3124 δυσὶν
965 3052 1086 3143 ὀρθαῖς

72 3174 146 3247 ίσας
182 3164 285 3248 αὐτὰς
317 3172 489 3253 ποιοῦσιν,
527 3171 595 3234 ἔστι
627 3162 659 3232 δ’
694 3161 993 3249 άποδεδενγμίνον,
1030 3160 1086 3228 καὶ

70 3269 122 3341 ὅτι
148 3276 275 3354 παντὸς
305 3272 474 3360 τριγάνον
506 3274 544 3340 αί
571 3284 659 3358 τρεῖς
686 3275 806 3357 γωνίαι
837 3268 937 3336 δυσὶν
965 3265 1087 3354 ὀρθαῖς

143 3510 166 3559 7.
187 3523 214 3574 q.
288 3509 313 3558 8.
332 3521 382 3574 vp.
456 3509 480 3559 9.
499 3522 519 3557 r.

145 3724 186 3775 10.
210 3716 349 3791 προτέρω]
369 3711 487 3788 πρότφῖ
575 3719 616 3769 11.
641 3708 857 3782 σνμβαίόμενον
875 3728 901 3765 v.
988 3716 1029 3764 12.
1053 3728 1084 3765 τε

69 3785 223 3860 τετήρηκεν
242 3807 268 3844 v.

879 3871 935 3930 W
