2414 4236
130 504 194 567 132
282 505 438 557 scflom
456 506 495 557 IN
513 504 790 557 ELmfflNTORUM
806 503 982 559 LIBRUM

128 650 175 724 είς
198 642 368 713 όδόνατον
396 642 575 732 ἅπαγωγής
602 648 810 729 δείκνυνται,
842 639 927 712 α’λλδι
958 641 998 713 τὸ
1023 642 1087 731 μὲν
1116 642 1145 727 t'

129 747 194 818 όπὸ
214 756 282 819 τῶν
299 762 426 820 κοινῶν
445 753 588 820 ἐννοιῶν
609 752 734 838 ἐλέγχει
745 749 786 818 τὸ
801 747 985 836 ἀδύνατον,
1001 746 1041 819 τό
1055 748 1096 819 δὲ
1108 748 1146 837 η’

129 855 194 925 ιἰπδ
217 862 279 925 τοῦ
302 857 339 939 ζ’.
375 856 414 925 τὸ
434 856 471 925 δὲ
491 856 519 938 ζ’
538 856 640 925 πόλιν
658 859 765 925 ἐδεῖτο
783 859 845 926 τοῦ
863 854 894 925 ε’
912 856 1149 943 θεωρήματος·

130 967 183 1031 διδ
203 964 258 1030 καὶ
278 963 511 1051 προετόγησαν
531 961 680 1050 εὐλόγως
698 961 871 1051 ἀμφότερα
884 973 946 1033 τοῦ
959 961 1003 1050 η’.
1033 962 1148 1031 Μτέον

93 1090 109 1136 ο
130 1070 182 1156 δέ,
211 1067 262 1138 ὅτι
284 1074 354 1137 τῶν
377 1072 415 1137 έν
436 1083 510 1148 ταῖς
531 1083 698 1155 κορυφαῖς
719 1074 854 1156 γωνιῶν
876 1073 946 1140 τῶν
967 1066 1149 1156 τριγῶνων

130 1172 243 1242 οόσῶν
267 1184 351 1243 ίσων
374 1176 485 1243 ἕπεται
507 1174 563 1241 καί
586 1176 646 1253 τὰς
667 1172 786 1256 λοιπὰς
808 1182 933 1263 γωνίας
951 1182 1027 1253 ῖσας
1048 1170 1150 1243 εἶναι.

130 1279 185 1348 διὰ
208 1285 308 1348 τοῦτο
333 1277 374 1349 οὐ
396 1282 608 1368 προσέθηκεν
626 1278 737 1368 ῶσπερ
756 1282 810 1351 έπί
827 1285 889 1350 τοῦ
907 1280 942 1349 δ’
956 1278 994 1349 τὸ
1012 1279 1150 1363 καὶτὰς

130 1386 248 1467 λοιπὰς
271 1393 403 1473 γωνίας.

508 1478 566 1543 Ad
587 1501 692 1564 prop.
714 1478 773 1544 lx.

80 1618 112 1667 10
197 1604 251 1668 46.
282 1597 327 1667 Τό
346 1599 385 1667 θ’
403 1604 504 1667 τοῦτο
525 1599 703 1688 πρόβλημά
720 1601 821 1667 έστιν.
857 1597 1063 1686 ἀναμίγνυσι
1080 1596 1149 1686 γὰρ

131 1703 149 1774 ό
175 1705 387 1792 στοιχειωτής
404 1718 475 1784 τοῖς
493 1704 704 1793 προβλήμασι
722 1702 764 1774 τὰ
782 1704 986 1792 θεωρήματα
1002 1706 1151 1787 καὶτοῖς

130 1810 327 1898 θεωρήμασι
344 1812 521 1896 σνμπλέκει
534 1814 574 1879 τὰ
590 1813 808 1899 προβλήματα
818 1811 874 1879 καί
888 1809 934 1879 δι’
946 1808 1151 1899 ἀμφοτέρων

131 1915 194 2002 τήν
224 1915 307 2001 ὅλην
336 1922 553 2002 συμπεραίνει
581 1925 789 2004 στοιχείωσιν
815 1916 890 1985 τοτὲ
917 1917 980 2004 μὲν
1001 1916 1043 1985 τόι
1066 1914 1149 1987 ὓπο-

131 2027 267 2107 κείμενα
281 2021 510 2108 ποριζόμενος,
530 2023 603 2091 τοτὲ
618 2023 655 2091 δὲ
668 2021 707 2090 τῶ
724 2025 800 2109 περὶ
819 2022 902 2091 αὐτὰ
924 2023 1150 2110 συμπτῶματα

81 2151 115 2200 15
133 2131 285 2212 θεωρῶν.
323 2130 432 2209 δείξας
454 2134 572 2196 τοίνυν
596 2128 653 2196 διὰ
676 2134 746 2198 τῶν
768 2129 920 2216 πρόσθεν
942 2129 997 2197 καί
1016 2129 1094 2216 περὶ
1112 2133 1151 2197 ἓν

132 2240 299 2321 τρίγωνον
322 2239 361 2323 τῇ
386 2234 513 2320 ἰσότητι
536 2239 604 2303 τῶν
627 2240 781 2322 πλευρῶν
804 2237 971 2322 ἑπομένην
993 2233 1055 2321 τήν
1079 2234 1151 2304 ίσό-

133 2368 213 2428 τητα
236 2345 303 2409 τῶν
325 2346 460 2428 γωνιῶν
483 2343 538 2409 καὶ
562 2341 731 2410 οίνόπαλιν
749 2343 805 2409 καὶ
824 2343 899 2427 περὶ
919 2340 981 2409 δύο
1000 2348 1151 2428 τρίγωνα

134 2446 305 2533 ῶσαότως,
322 2448 410 2534 πλήν
426 2446 478 2516 ὅτι
492 2451 551 2534 της
564 2445 792 2533 όντιστροφής
807 2444 825 2514 δ
839 2446 961 2533 τρόπος
976 2447 1150 2533 διαφέρων

134 2545 178 2639 ἦν
202 2556 258 2620 ε’πί
277 2579 312 2621 τε
334 2558 395 2620 τοῦ
419 2552 495 2631 ἑνὸς
517 2552 686 2638 τριγῶνου
703 2553 758 2619 καὶ
776 2566 851 2620 τοῖν
870 2556 979 2637 δυοῖν,
1003 2556 1151 2638 μέτεισιν

83 2678 117 2725 20
137 2660 187 2725 ἐπὶ
217 2658 256 2724 τὰ
285 2658 501 2744 προβλήματα
528 2660 583 2725 καὶ
612 2658 773 2726 ἐπιτάττει
802 2661 839 2725 έν
865 2662 972 2749 τούτῳ
999 2670 1046 2750 τῷ
1069 2686 1152 2748 προ·

136 2763 278 2849 βλήματι
292 2763 355 2847 τήν
371 2768 534 2831 δοθεῖσαν
547 2770 675 2850 γωνίαν
691 2763 934 2851 εὐθύγραμμον
944 2769 1020 2851 δίχα
1029 2780 1152 2851 τεμεῖν.

137 2869 207 2937 ἐπεί
230 2868 267 2935 δὲ
290 2866 311 2954 ἡ
336 2876 443 2954 γωνία
464 2869 603 2937 δύναται
623 2874 784 2938 δίδοσθαι
803 2874 989 2957 πολλαχῶς·
1011 2873 1153 2958 καὶγὰρ

136 2976 191 3043 καὶ
222 2978 316 3044 θέσει
345 2978 491 3058 δίδοται,
524 2972 568 3054 ῶς
598 2975 679 3042 ὅταν
707 2978 854 3061 λέγωμεν
885 2974 969 3061 πρὸς
999 2980 1078 3064 τῇδε
1111 2982 1152 3066 τη]-

137 3080 255 3171 εὐθείᾳ
282 3083 337 3149 καὶ
366 3085 452 3170 τῷδε
476 3084 521 3171 τῷ
550 3087 674 3171 σημείῳ
704 3091 837 3149 κεῖσθαι
859 3080 921 3167 τήν
943 3087 1073 3167 γωνίαν
1096 3084 1152 3152 καί

85 3213 119 3261 25
139 3186 225 3255 εἶναι
249 3189 432 3273 διδομένην
456 3184 562 3272 αὐτὴν
586 3184 706 3266 οὕτως·
730 3191 860 3255 δίδοται
884 3188 937 3254 καί
957 3192 1051 3273 είδει,
1077 3183 1153 3259 οἷον

139 3291 221 3361 ὅταν
241 3291 351 3381 ὀρθήν
372 3296 520 3378 λέγωμεν
539 3290 559 3378 ή
576 3290 686 3374 ι’ξεῑαν
703 3288 721 3378 ἢ
737 3292 898 3379 ἀμβλεῖαν
912 3288 933 3378 ἢ
949 3291 1035 3374 ὅλως
1049 3294 1154 3364 εὐθύ-

139 3426 292 3485 γραμμον
312 3394 332 3483 ἢ
352 3397 485 3484 μικτήν·
509 3404 640 3465 δίδοται
658 3400 713 3465 καί
734 3399 823 3489 λόγῳ
842 3398 948 3484 ήγουν
967 3399 1155 3486 ἀναλόγως,

141 3502 222 3571 όταν
248 3508 426 3571 διπλασίαν
449 3508 549 3590 τῆσδε
569 3506 716 3591 λέγωμεν
734 3506 788 3571 καί
808 3511 1005 3591 τριπλασίαν
1025 3501 1045 3593 ἢ
1066 3504 1156 3588 ὅλως

139 3615 274 3693 μείζονα
296 3612 351 3678 καὶ
375 3610 550 3679 ἐλάττονα·
588 3616 718 3679 δίδοται
741 3612 796 3678 καὶ
820 3613 968 3697 μεγέθει,
998 3609 1043 3691 ῶς
1070 3610 1155 3681 ὅταν

141 3714 145 3718 ’
211 3740 254 3787 ιι,
276 3714 409 3801 νῖιινι).

143 3819 191 3825 ...
215 3819 255 3895 Ιδ,
275 3818 423 3913 δ-τρόπος]
443 3860 498 3897 om.
518 3842 571 3908 vf3
590 3860 616 3895 u.
636 3841 752 3897 Proclus
770 3860 797 3911 p.
815 3847 876 3909 271,
897 3848 938 3896 11.
