2414 4236
144 500 207 565 156
295 501 452 555 senum
469 502 508 553 m
525 499 800 554 πτειιτιιυοουιι
817 498 993 553 uanum

516 662 570 728 Ad
593 682 696 747 prop.
718 660 790 727 XX.

210 788 261 852 78.
298 781 342 852 Τὸ
368 782 402 851 κ’
424 785 587 873 θεοίρημα
615 783 791 870 διασύρειν
818 783 983 853 είύθασιν
1010 784 1046 851 οί
1068 779 1158 851 Ἐπι-

141 888 290 975 κούρειοι
312 889 367 956 καλ
391 889 460 983 ὄνῳ
484 891 636 976 λέγοντες
658 887 741 958 αύτδ
770 892 876 977 δήλου
903 887 991 959 εἶναι
1015 888 1071 957 καλ
1093 915 1158 977 μη-

143 998 257 1082 δεμιᾶς
281 999 415 1064 δεῖσθαι
438 999 649 1082 κατασκευῆς.
685 994 966 1079 κατασκευάζουσι
985 994 1023 1065 δὲ
1040 993 1080 1063 τὸ
1099 994 1157 1065 καλ

106 1128 122 1175 5
143 1100 210 1193 ὄνῳ
234 1103 406 1188 γνώριμον
429 1099 516 1169 εἶναι
539 1104 575 1170 ἐκ
596 1106 670 1187 τοῦ,
691 1103 848 1183 τεθέντος
870 1099 993 1189 χόρτου
1013 1098 1156 1169 κατὰτὸ

141 1209 256 1296 ἕτερον
273 1209 375 1296 πέρας
392 1217 462 1276 τῶν
480 1211 646 1294 πλευρῶν,
669 1204 730 1277 τὸν
749 1206 833 1277 ὄνον
845 1206 910 1295 τήν
923 1213 1005 1295 μίαν
1020 1203 1156 1276 ὁδεύειν

141 1313 306 1403 πλευράν,
333 1311 418 1382 ἀλλὰ
441 1312 485 1400 μή
509 1315 566 1393 τὰς
590 1312 670 1397 δύο,
697 1318 825 1401 τροφῆς
847 1312 1061 1401 ὀρεγόμενον.
1105 1314 1156 1383 λέ·

140 1446 243 1508 μομεν
267 1412 342 1505 οὖν,
367 1418 418 1488 ὅτι
442 1419 547 1509 σαφὲς
569 1419 631 1507 μὲν
648 1418 731 1488 κατὰ
749 1420 813 1507 τήν
831 1428 994 1507 αἴσθησιν
1012 1424 1098 1489 ἔστω
1116 1418 1155 1489 τὸ

89 1610 92 1615 .
141 1526 316 1613 θεώρημα,
354 1525 447 1594 ούπω
486 1527 523 1595 δὲ
553 1526 657 1612 σαφὲς
689 1525 771 1594 κατὰ
803 1525 865 1596 τὸν
897 1524 1157 1615 ἐπιστημονικὸν

89 1654 121 1702 10
141 1632 256 1719 λόγον·
281 1626 356 1700 οἷον
374 1631 412 1699 τὸ
436 1638 502 1721 πῦρ
525 1639 714 1721 θερμαίνει,
736 1632 791 1701 καλ
813 1636 913 1702 τοῦτο
936 1632 1155 1723 τήαίσθήσει

141 1740 341 1825 καταφανές·
372 1736 455 1805 ἀλλὰ
479 1742 549 1818 παῖς
570 1744 759 1825 θερμαίνει,
782 1736 947 1830 ἀσωμάτῳ
971 1738 1114 1827 δυνάμει
1134 1734 1156 1827 ἢ

141 1857 342 1931 σωματικαῖς
360 1857 487 1930 τομαῖς,
506 1858 697 1931 σφαιρικοῑς
715 1850 846 1933 μορίοις
864 1841 886 1932 ή
904 1846 1157 1935 πυραμοειδέσι,

140 1955 198 2036 τῆς
227 1949 407 2035 ἐπιστήμης
434 1949 540 2037 μόνης
567 1954 667 2037 ἔργον
699 1951 767 2019 ἐστὶ
799 1956 1018 2040 παραστῆσαι.
1069 1956 1155 2021 ἔστω

140 2062 260 2124 τοίνυν
283 2055 339 2122 καλ
362 2059 423 2124 τοῦ
445 2057 615 2142 τριγαίνου
637 2055 675 2124 τὸ
699 2054 868 2137 εἶναιτίς
890 2060 925 2143 β’
947 2064 1078 2145 μείζους
1096 2062 1157 2144 τῆς

89 2191 120 2237 15
140 2165 217 2248 μιᾶς
239 2166 279 2251 πή
304 2161 461 2248 αἰσθήσει
485 2168 606 2250 δῆλον,
634 2162 719 2231 ἀλλὰ
746 2168 816 2243 πῶς
838 2169 937 2232 τοῦτο
961 2170 1105 2250 γίνεται,
1134 2159 1150 2231 ί

140 2269 300 2356 ἐπιστήμη
323 2267 573 2338 ὑποδείκνυσιν.

207 2379 258 2444 79.
303 2380 410 2444 Τοῦτο
442 2373 479 2444 τὸ
512 2375 674 2464 θεώρημα
712 2375 886 2462 διασύρειν
923 2377 1087 2444 είαίθασιν
1122 2380 1159 2445 os

135 2481 357 2570 Ἐπικούρειοι
385 2480 468 2550 ὄνον
497 2480 579 2551 αύτὸ
609 2484 807 2561 καλέσαντες
837 2481 893 2549 διὰ
923 2481 961 2550 τὸ
992 2486 1157 2570 μηδεμιᾶς

140 2593 275 2655 δεῖσθαι
294 2593 507 2675 κατασκευης.
545 2587 595 2656 ὅτι
615 2588 676 2675 μὲν
694 2587 732 2656 τὸ
752 2594 974 2675 προκείμενον
991 2589 1156 2676 θεώρημα

86 2722 120 2771 20
139 2694 243 2780 σαφὲς
267 2695 328 2781 μὲν
351 2694 433 2763 κατὰ
457 2694 520 2781 τήν
549 2703 726 2779 αἴσθησιν,
755 2695 849 2762 οὔπω
879 2694 917 2762 δὲ
945 2695 1048 2781 σαφὲς
1070 2696 1154 2766 κατὰ

139 2800 177 2869 τὸ
198 2802 468 2889 ἐπιστημονικόν·
494 2800 626 2880 πύντως
644 2800 706 2887 μὲν
723 2800 788 2886 γὰρ
809 2804 846 2867 αί
863 2800 924 2868 δύο
949 2807 1080 2888 μείζους
1098 2806 1156 2887 τῆς

139 2914 265 2995 λοιπῆς.
310 2913 413 2994 τριῶν
436 2908 500 2994 γὰρ
525 2915 608 2974 ίσων
633 2905 695 2974 δύο
719 2904 884 2974 ὁποιαοῦν
909 2907 1068 2975 διπλάσια
1091 2912 1154 2977 τοῦ

139 3014 223 3095 ἑνός.
270 3020 301 3083 εί
327 3014 364 3083 δὲ
393 3012 560 3092 ἰσοσκελὲς
587 3010 609 3099 ή
638 3012 675 3080 τὸ
705 3018 849 3080 ἔλασσον
876 3019 942 3100 ἔχει
971 3017 1039 3082 τῶν
1070 3022 1156 3083 ίσων

139 3122 276 3211 ἑκατέρᾳ
299 3120 361 3206 τήν
385 3119 486 3206 βάσιν
509 3120 564 3185 καλ
589 3125 713 3204 γίνεται
738 3125 865 3205 μείζων.

85 3252 119 3300 25
209 3232 260 3297 80.
293 3230 341 3294 Αί
361 3224 425 3312 γὰρ
449 3232 531 3309 ΑΒ,
555 3231 628 3310 ΒΓ,
652 3230 720 3292 ΑΓ
739 3228 776 3291 αί
796 3239 885 3312 τρεῖς
907 3223 982 3311 ήτοι
1007 3233 1073 3293 ίσαι
1100 3222 1157 3294 ἄλ-

138 3334 255 3421 λήλαις
273 3333 359 3400 εἰσὶν
378 3328 399 3417 ἢ
420 3329 470 3399 ού.
508 3336 539 3398 εί
556 3330 617 3417 μὲν
637 3339 705 3398 ίσαι
725 3327 882 3417 ἀλλήλαις
896 3336 972 3417 εἰσί,
993 3332 1158 3420 φανερόν,

139 3439 190 3508 ὅτι
222 3438 285 3507 δύο
320 3435 498 3505 ὁποιαιοῦν
530 3440 589 3523 τής
621 3441 739 3523 λοιπῆς
771 3440 918 3523 μειζονίς
949 3442 1013 3505 εἰσι
1045 3437 1158 3528 πάντη

211 3622 252 3670 78.
274 3616 387 3686 λ’·(ίη).
458 3622 498 3669 79.
519 3616 548 3670 P.
613 3620 655 3669 80.
677 3614 778 3683 V⁸(f);
798 3616 875 3684 prol
895 3634 922 3684 p.
937 3619 980 3683 48,
1001 3621 1031 3670 11
1052 3612 1087 3669 αῖ
1104 3614 1161 3686 μέν

139 3719 171 3728 -
194 3694 225 3741 13
246 3695 362 3757 σημεῖον
381 3687 467 3741 inseri
486 3687 578 3742 uoluit
596 3686 757 3741 scholiasta.

206 3854 294 3916 ἕσις.
317 3846 445 3919 Uestigia
464 3846 580 3901 confusa
598 3846 654 3901 loci
673 3844 747 3915 apud
765 3842 895 3899 Proclum
914 3862 940 3913 p.
961 3851 1023 3913 324,
1043 3853 1112 3915 lsq.
