2414 4236
249 478 406 532 scnoffl
423 480 462 532 IN
480 480 755 533 ELEMENTORUM
772 482 912 534 LIBRUM
926 484 948 535 1.
1037 482 1099 548 119

81 619 148 707 τήν
169 621 233 689 τοῦ
256 623 398 705 σημείου
420 617 592 707 διαφόραν
615 622 727 705 θέσιν,
752 624 869 708 δῆλον·
906 619 928 709 ἢ
951 621 1016 709 γὰρ
1039 626 1101 706 ἔξω

84 739 192 795 κεῖται
213 723 252 794 τὸ
276 724 386 794 δοθὲν
409 739 550 813 σημεῖον
572 730 631 812 τής
658 730 817 814 δοθείσης
845 727 983 809 εὐθείας
1004 725 1025 815 ή
1051 731 1100 798 ἐπ’

88 829 203 919 αὐτῆς,
224 829 281 900 καί
305 835 337 898 εί
358 829 409 899 ἐπ’
435 828 549 919 αὐτῆς,
573 828 595 919 ἢ
618 835 686 899 τῶν
709 834 862 919 περάτων
886 832 989 921 αὐτῆς
1012 841 1104 903 ἔσται

87 937 235 1025 θάτερον
257 934 279 1025 ἢ
304 939 342 1006 έν
364 942 410 1030 τῷ
434 937 555 1025 μεταξὺ
577 943 720 1007 κείσεται
744 943 812 1007 τῶν
836 938 965 1027 ἀκρων,
995 942 1050 1009 καί
1074 947 1105 1010 εί

88 1046 152 1125 ἔξω
175 1041 295 1131 αὐτῆς,
323 1041 344 1130 ή
369 1046 404 1112 ἐκ
427 1050 585 1130 πλαγίου,
614 1042 698 1112 ὥστε
720 1043 783 1131 τήν
807 1044 864 1113 ἀπ’
892 1043 996 1115 αὐτοῦ
1020 1047 1138 1133 πρδςο

84 1148 123 1218 τδ
148 1151 253 1237 πέρας
274 1154 334 1237 τής
356 1147 494 1230 εὐθείας
516 1153 798 1238 έπιζευννυμένην
826 1157 955 1238 γωνίαν
982 1167 1102 1240 ποιεῖν,

84 1251 178 1341 ήέπ’
199 1253 337 1336 εὐθείας
354 1260 394 1345 τῇ
418 1257 595 1344 δεδομένῃ,
620 1255 703 1325 ὥστε
727 1259 972 1344 έκβαλλομέυην
997 1257 1103 1346 αὐτὴν

84 1362 140 1429 ἐπὶ
162 1361 201 1431 τὸ
226 1376 366 1450 σημεῖον
387 1368 529 1431 πίπτειν.

461 1561 517 1625 Ad
542 1582 648 1645 prop.
671 1559 729 1624 111.

157 1683 210 1750 25.
244 1686 323 1763 Παῖς
350 1680 388 1750 δὲ
415 1687 542 1768 γίνεται
570 1679 653 1767 πρὸς
684 1684 729 1773 τῷ
763 1691 794 1749 A
826 1687 951 1772 σημείῳ
983 1679 1101 1750 εὐθεῖα
1121 1705 1154 1754 10

86 1795 145 1874 ίση
168 1791 210 1876 τῇ
232 1792 266 1856 Γ
282 1786 412 1879 εὐθείᾳ,
436 1787 606 1874 ἐμάθομεν
631 1790 668 1856 έν
689 1792 735 1880 τῷ
760 1790 904 1880 δευτέρῳ
929 1788 1080 1876 σχήματι.

151 1898 205 1963 26.
244 1899 367 1980 Τρίτον
394 1893 571 1981 πρόβλημα
598 1904 697 1962 τοῦτο
727 1897 909 1981 δεδομένας
938 1895 1000 1981 μέν
1025 1901 1102 1983 ἔχον

89 1999 155 2068 δύο
178 1995 315 2081 εὐθείας
336 1999 420 2068 κατὰ
442 1996 479 2068 τδ
503 2000 646 2086 μέγεθος
665 1998 814 2086 ἀνίσους,
837 2005 1045 2089 προστάττον
1065 2002 1102 2070 δὲ

86 2103 227 2194 ἀφελεῖν
250 2105 314 2176 ἀπὸ
338 2111 397 2194 τῆς
420 2113 571 2193 μείζονος
593 2115 672 2191 ίσην
695 2110 735 2194 τῇ
760 2106 925 2176 ἐλάσσονι.
972 2114 1040 2175 ἔστι
1065 2108 1102 2176 δὲ

85 2213 143 2281 καὶ
161 2223 262 2282 τοῦτο
280 2212 512 2282 πολάιιτωτον·
536 2215 575 2280 αί
589 2211 654 2298 γὰρ
670 2215 824 2279 δοθεῖσαι
839 2211 952 2281 ἀνισοι
970 2213 1101 2281 εὐθεῖαι
1123 2234 1155 2282 ιο

85 2315 107 2406 ἢ
131 2322 303 2388 διεστᾶσιν
330 2317 388 2387 ἀπ’
415 2316 570 2406 ἀλλήλων
598 2315 644 2396 ὡς
671 2316 760 2401 παρὰ
787 2321 832 2409 τῳ
861 2330 1053 2406 στοιχειωτῇ
1081 2315 1102 2406 ή

86 2423 166 2493 καθ’
187 2429 225 2494 ἓν
248 2427 349 2513 πέρας
373 2425 600 2494 συνάπτονται
624 2420 645 2509 ή
669 2425 849 2509 τέμνουσιν
873 2422 1019 2509 ἀλλήλας
1041 2421 1102 2513 ήή
1177 2490 1180 2497 ,

86 2532 183 2618 ἑτέρα
210 2531 292 2599 κατὰ
321 2529 359 2600 τὸ
387 2533 488 2617 πέρας
516 2532 636 2617 ἑαυτῆς
662 2532 773 2617 τέμνει
803 2529 866 2618 τήν
900 2532 1015 2618 ἑτέραν
1047 2530 1103 2598 καί

84 2642 186 2708 τοῦτο
211 2641 324 2724 διχῶς·
347 2633 368 2724 ή
388 2635 452 2725 γάρ
471 2634 492 2723 ή
512 2642 632 2725 μείζων
651 2635 715 2724 τὴν
734 2634 864 2706 ἐλάσσω
879 2634 900 2723 ή
915 2636 936 2724 ἡ
952 2637 1102 2706 ἐλάσσων

84 2743 148 2833 τήν
171 2750 317 2831 μείζονα.
354 2740 426 2812 ἀλλ’
448 2748 480 2811 εί
502 2743 564 2831 μὲν
587 2740 665 2810 καθ’
688 2745 724 2811 ἓν
748 2745 971 2813 συνάπτοιντο
990 2748 1102 2831 πέρας,
1121 2764 1155 2813 20

85 2850 172 2938 δήλη
196 2847 218 2936 ἡ
241 2845 423 2930 ἀπόδειξις·
446 2852 492 2939 τῷ
516 2847 582 2934 γὰρ
605 2859 710 2939 κοινῷ
734 2851 850 2938 πέρατι
872 2853 1000 2940 κέντρῳ
1024 2877 1102 2937 χρη-

84 2957 248 3045 σάμενος,
284 2954 483 3042 διαστήματι
520 2954 557 3022 δὲ
593 2958 633 3043 τῇ
667 2955 826 3023 ἐλάσσονι
857 2961 924 3023 τῶν
957 2955 1102 3022 εὐθειῶν

84 3061 227 3150 γράψεις
248 3059 374 3130 κύκλον
396 3062 452 3128 καί
470 3060 533 3148 τήν
551 3067 686 3147 μείζονα
705 3075 811 3148 τεμεῖς
829 3063 885 3129 καὶ
903 3059 1104 3147 ἀφαιρήσεις

84 3177 164 3257 ίσην
187 3171 228 3257 τῇ
257 3165 424 3235 ἐλάσσονι.
471 3164 553 3235 ὅσον
581 3165 644 3253 μάρ
672 3171 731 3253 τῆς
758 3172 908 3254 μείζονος
935 3163 954 3233 ὁ
982 3164 1104 3244 κύκλος

83 3273 181 3355 έντδς
205 3271 440 3360 ἀποτέμνεται,
468 3276 633 3341 τοσοῦτον
657 3279 733 3340 ίσον
758 3278 848 3340 ἔσται
871 3276 911 3360 τῇ
936 3271 1101 3340 ἐλάσσονι.
1121 3295 1155 3344 οσ

83 3386 116 3450 εί
133 3381 172 3451 δὲ
191 3377 213 3467 ή
233 3381 328 3465 ἑτέρα
347 3381 462 3466 τέμνοι
480 3377 543 3464 τήν
562 3379 678 3465 ἑτέραν
697 3377 779 3445 κατὰ
799 3376 837 3445 τό
858 3379 976 3463 ἑαυτῆς
989 3379 1101 3462 πέρας,

81 3487 159 3577 ἦτοι
182 3485 204 3574 ἡ
228 3491 348 3574 μείζων
370 3484 434 3573 τήν
458 3484 623 3554 ἐλάσσονα
646 3479 774 3571 τεμεῖή
794 3482 975 3569 ἀνάπαλιν,
998 3484 1054 3550 καὶ
1073 3488 1104 3550 εί

154 3671 200 3721 25.
220 3664 248 3719 b.
320 3669 368 3755 226.
387 3663 417 3719 P.

80 3776 303 3787 ——--.--—-—

153 3831 180 3882 8.
201 3822 248 3895 εί]
267 3820 285 3893 ἠ
306 3822 335 3879 P.
408 3830 433 3880 4.
453 3817 485 3893 ή]
505 3838 559 3876 om.
581 3822 608 3876 P.
685 3825 725 3876 12.
745 3822 843 3899 τοῦτο]
862 3822 913 3881 τοῦ
933 3825 966 3882 P.
