2414 4236
191 506 348 558 SCHOLIA
366 507 405 557 IN
422 506 697 557 ELEMENTORUM
714 504 853 556 LIBRUM
867 504 942 556 XIII.
1007 500 1071 565 667

414 701 470 765 Ad
493 724 599 785 prop.
622 700 709 765 XIV.

128 826 179 889 49.
217 826 357 910 Σφαίρᾳ
380 829 570 908 περιλαβεῖν
593 848 625 909 p.
644 825 718 906 298,
736 823 770 904 9]
795 826 970 906 περίληψις
993 839 1073 886 συν-

60 930 349 1014 αποδειιινυμίυην
373 933 496 1014 ἔχουσα
519 925 580 1014 τὴν
605 925 782 1012 σύγκρισιν
805 930 864 1013 της
893 928 1074 1012 διαμέτρου

58 1038 121 1101 τοῦ
151 1033 462 1120 περιλαμβάνοντος
494 1032 577 1118 πρὸς
608 1031 671 1119 τὴν
703 1032 852 1119 πλευράν
888 1037 950 1101 τοῦ
986 1057 1074 1118 περι-

59 1140 327 1226 λαμβανομένου.
655 1141 657 1145 ’
1111 1159 1128 1206 ο

126 1248 178 1313 50.
220 1244 265 1313 Τὸ
289 1246 355 1332 άρα
378 1245 444 1314 άπὸ
465 1251 525 1333 τῆς
548 1253 629 1314 ΛΜ
646 1272 677 1333 p.
696 1249 772 1333 298,
791 1250 847 1330 22]
872 1246 1073 1331 ἰσόπλευρον

59 1351 243 1439 ἀπεδείχθη
261 1349 299 1419 τὸ
315 1358 417 1420 ΛΕΘ
433 1358 612 1440 τρίγωνον,
630 1352 753 1420 τούτου
771 1352 809 1420 δὲ
828 1353 937 1438 ὄντος,
961 1351 1073 1437 ἐπειδὴ

58 1459 79 1542 ἡ
105 1466 172 1525 ΛΒ
201 1466 256 1543 ἴση
280 1472 385 1526 κεῖται
407 1462 447 1547 τῇ
470 1467 548 1543 ΕΘ,
575 1459 596 1544 ἡ
623 1458 661 1526 δὲ
684 1466 748 1526 ΕΘ
775 1466 830 1544 ἴση
855 1459 924 1526 ἐστὶ
945 1462 985 1547 τῇ
1010 1466 1077 1526 ΛΕ

59 1564 116 1632 διὰ
140 1564 178 1632 τὸ
200 1562 238 1632 τὸ
261 1569 430 1650 τρίγωνον
452 1563 540 1633 εἶναι
564 1563 778 1649 ἰσόπλευρον,
801 1564 857 1631 καὶ
875 1562 896 1651 ἡ
917 1572 984 1631 ΛΒ
1008 1562 1074 1649 ἄρα

59 1679 115 1756 ἴση
144 1670 213 1738 ἐστὶ
240 1675 280 1759 τῇ
305 1679 379 1739 ΛΕ.
424 1673 481 1739 καὶ
509 1672 578 1739 ἐπεὶ
606 1671 627 1758 ἡ
655 1677 720 1737 ΑΒ
753 1678 808 1756 ἴση
837 1671 907 1740 ἐστὶ
934 1675 974 1759 τῇ
998 1677 1075 1737 ΛΜ
1095 1689 1128 1737 10

57 1778 113 1844 καῖ
135 1774 240 1862 ἡΔΒ
262 1780 302 1865 τῇ
324 1784 400 1863 ΛΕ,
424 1782 493 1844 ἔστι
517 1777 555 1844 δὲ
577 1773 615 1845 τὸ
639 1775 705 1845 άπὸ
728 1781 787 1864 τῆς
806 1783 871 1844 ΑΒ
896 1775 1075 1844 διπλάσιον

56 1888 118 1952 τοῦ
141 1881 207 1951 άπὸ
226 1887 286 1969 τῆς
302 1893 380 1968 ΔΒ,
403 1882 519 1952 καὶτὸ
543 1881 610 1951 άπὸ
631 1887 690 1969 τῆς
707 1889 782 1952 ΜΛ
804 1882 871 1970 ἄρα
895 1881 1075 1951 διπλάσιόν

57 1991 127 2056 ἐστι
150 1993 211 2056 τοῦ
235 1987 299 2056 άπὸ
322 1995 381 2076 τῆς
404 1996 479 2057 ΛΕ.
521 1994 590 2057 ἔστι
613 1989 651 2057 δὲ
673 1990 694 2075 ἡ
720 1998 795 2057 ΜΛ
819 1989 995 2078 διάμετρος
1016 2000 1074 2075 τῆς

57 2098 214 2179 σφαίρας,
237 2094 258 2180 ἡ
278 2094 316 2162 δὲ
331 2103 399 2162 ΛΕ
415 2093 541 2181 πλευρά
561 2099 622 2162 τοῦ
642 2093 839 2182 ὀκταέδρου·
862 2097 879 2162 ά
899 2096 1074 2182 διάμετρος

56 2199 123 2285 ἄρα
147 2196 167 2285 ἡ
187 2205 267 2266 ΛΜ
286 2200 426 2287 δυνάμει
453 2205 640 2268 διπλασίων
664 2202 734 2269 ἐστὶ
756 2205 815 2286 τῆς
833 2208 901 2269 ΛΕ
921 2205 1073 2286 πλευράς.
1095 2219 1127 2268 16
1180 2217 1186 2231 ⁸

125 2308 178 2372 51.
209 2305 268 2384 Ὡς
286 2305 325 2372 δὲ
343 2307 364 2391 ἡ
384 2313 449 2373 ΑΒ
473 2332 503 2393 p.
518 2308 593 2391 298,
613 2308 670 2389 24]
694 2304 814 2390 πόθεν,
838 2303 889 2373 ὅτι
909 2306 1074 2392 ώςὴΑΒ

58 2408 143 2496 πρὸς
168 2410 230 2497 τὴν
253 2416 331 2497 ΒΓ,
364 2409 470 2491 οὕτως
497 2409 535 2479 τὸ
564 2409 631 2478 άπὸ
654 2415 714 2498 τῆς
737 2418 802 2478 ΑΒ
830 2409 914 2498 πρὸς
940 2411 978 2480 τὸ
1006 2410 1072 2481 άπὸ

59 2521 116 2602 τῆς
138 2525 225 2596 ΛΔ;
265 2519 322 2584 καὶ
349 2520 506 2605 λέγομεν,
539 2515 591 2585 ὅτι
620 2518 896 2605 ἐπιζευγνυμένης
923 2523 981 2604 τῆς
1002 2527 1074 2585 ΛΔ

58 2620 274 2707 ὀρθογώνιον
297 2629 424 2709 γίνεται
447 2622 485 2692 τὸ
508 2633 541 2691 A
548 2630 614 2691 AB
638 2629 819 2708 τρίγωνον·
848 2624 904 2690 καί
927 2620 992 2691 άπὸ
1015 2627 1074 2710 τῆς

57 2727 142 2814 πρὸς
163 2732 209 2818 τῷ
233 2736 267 2794 Λ
290 2735 414 2814 γωνίας
436 2729 579 2809 κάθετος
602 2729 656 2797 ἐπὶ
678 2728 741 2815 την
764 2737 830 2797 ΑΒ
854 2729 955 2814 βάσιν
976 2723 1074 2815 ἦκται
1093 2749 1127 2797 20

57 2862 78 2920 η
104 2840 184 2920 ΔΓ,
216 2831 262 2912 ώς
293 2839 451 2919 γίνεσθαι
479 2834 536 2902 διὰ
564 2837 602 2903 τὸ
632 2832 780 2921 πόρισμα
806 2839 869 2902 τοῦ
896 2835 930 2921 η’
955 2838 1015 2903 τοῦ
1039 2833 1073 2906 ς’

56 2944 116 3025 τῆς
138 2947 203 3008 ΑΒ
231 2940 360 3027 βάσεως
386 2942 443 3008 καὶ
470 2951 532 3008 τοῦ
559 2940 635 3019 ἑνος
661 2944 730 3008 τών
756 2951 813 3027 τῆς
840 2942 971 3027 βάσεως
994 2969 1073 3028 τμη-

58 3045 174 3132 μάτων
197 3045 260 3133 τὴν
283 3045 367 3134 πρὸς
384 3050 429 3138 τῷ
448 3045 592 3133 τμήματι
611 3053 759 3132 πλευράν
778 3047 883 3134 μέσην
901 3045 1072 3134 άνάλογον

57 3150 119 3237 τὴν
143 3159 224 3218 AB·
256 3149 341 3219 ώστε
364 3156 456 3220 ἔσται
479 3153 525 3231 ώς
547 3150 568 3239 η
592 3160 656 3220 ΑΒ
684 3151 768 3238 πρὸς
789 3151 853 3236 τὴν
876 3159 941 3220 ΒΓ
965 3152 1073 3240 ἤγουν

59 3254 105 3335 ώς
124 3284 144 3342 η
164 3256 277 3343 πρώτη
296 3257 380 3344 πρὸς
395 3285 458 3344 την
471 3263 599 3344 τρίτην,
620 3256 726 3338 οὕτως
739 3257 776 3326 τὸ
792 3257 849 3326 άπ(
872 3262 929 3344 της
942 3259 1074 3346 πρώτης
1092 3277 1127 3326 25

58 3373 117 3447 τῆς
131 3369 197 3428 AB
221 3361 305 3445 πρὸς
326 3362 364 3432 τὸ
389 3361 454 3432 άπὸ
476 3369 535 3450 τῆς
559 3366 716 3451 δευτέρας
738 3368 797 3451 τῆς
812 3371 878 3431 ΔΒ
902 3364 949 3444 ώς
971 3368 1007 3434 ἐν
1026 3370 1072 3457 τῷ

59 3472 238 3553 πορίσματι
261 3472 322 3535 τοῦ
345 3470 377 3536 κ’
401 3480 463 3537 τοῦ
487 3468 520 3541 ς’
544 3476 659 3557 φησίν.

59 3587 244 3598 ——...-

165 3671 171 3683 .
190 3627 221 3683 Ρ.
246 3587 272 3594 α
294 3633 337 3684 60.
356 3624 421 3697 qu
437 3627 502 3698 (1³¹).
575 3634 618 3685 ⁶1.
637 3627 678 3682 Vb
697 3629 758 3697 (τοῦ
778 3624 818 3684 ιδ’
838 3627 1043 3699 θεωρήματος).

59 3735 1073 3842 ‘mmmwmfflfflfflmwmmss

56 3841 207 3912 τρίγωνον]
227 3845 280 3894 ΑΔ
299 3837 476 3910 τετράγωνον
495 3840 530 3896 V.
