<?xml version="1.0" encoding="UTF-8"?>
<!DOCTYPE html PUBLIC "-//W3C//DTD XHTML 1.0 Transitional//EN"
    "http://www.w3.org/TR/xhtml1/DTD/xhtml1-transitional.dtd">
<html xmlns="http://www.w3.org/1999/xhtml" xml:lang="en" lang="en">
 <head>
  <title>
</title>
<meta http-equiv="Content-Type" content="text/html;charset=utf-8" />
  <meta name='ocr-system' content='tesseract 3.04.00' />
  <meta name='ocr-capabilities' content='ocr_page ocr_carea ocr_par ocr_line ocrx_word'/>
</head>
<body>
  <div class='ocr_page' id='page_1' title='image "./euclidisoperaom10unkngoog_0660.png"; bbox 0 0 2414 4236; ppageno 0'>
   <div class='ocr_carea' id='block_1_1' title="bbox 222 483 1082 551">
    <p class='ocr_par' dir='ltr' id='par_1_1' title="bbox 222 483 1082 551">
     <span class='ocr_line' id='line_1_1' title="bbox 222 483 1082 551; baseline 0.01 -19"><span class='ocrx_word' id='word_1_1' title='bbox 222 483 377 534; x_wconf 84' lang='lat' dir='ltr'>SCHOLIA</span> <span class='ocrx_word' id='word_1_2' title='bbox 396 484 433 535; x_wconf 91' lang='lat' dir='ltr'><strong><em>IN</em></strong></span> <span class='ocrx_word' id='word_1_3' title='bbox 452 485 726 536; x_wconf 80' lang='lat' dir='ltr'><strong>ELEMENTORUM</strong></span> <span class='ocrx_word' id='word_1_4' title='bbox 745 485 883 537; x_wconf 81' lang='lat' dir='ltr'>LIBRUM</span> <span class='ocrx_word' id='word_1_5' title='bbox 897 487 930 539; x_wconf 86' lang='lat' dir='ltr'><strong><em>X.</em></strong></span> <span class='ocrx_word' id='word_1_6' title='bbox 1016 484 1082 551; x_wconf 75' lang='grc'><strong><em>529</em></strong></span> 
     </span>
    </p>
   </div>
   <div class='ocr_carea' id='block_1_2' title="bbox 58 614 1133 3468">
    <p class='ocr_par' dir='ltr' id='par_1_2' title="bbox 65 614 1133 1123">
     <span class='ocr_line' id='line_1_2' title="bbox 68 614 1081 710; baseline 0.003 -20"><span class='ocrx_word' id='word_1_7' title='bbox 68 631 153 706; x_wconf 87' lang='grc' dir='ltr'><strong><em>ΑΔ,</em></strong></span> <span class='ocrx_word' id='word_1_8' title='bbox 178 629 260 706; x_wconf 90' lang='grc' dir='ltr'><strong><em>ΔΒ,</em></strong></span> <span class='ocrx_word' id='word_1_9' title='bbox 289 614 339 690; x_wconf 83' lang='grc' dir='ltr'><strong><em>ών</em></strong></span> <span class='ocrx_word' id='word_1_10' title='bbox 360 621 398 690; x_wconf 84' lang='grc' dir='ltr'><strong><em>τὸ</em></strong></span> <span class='ocrx_word' id='word_1_11' title='bbox 423 623 475 704; x_wconf 80' lang='grc' dir='ltr'><strong><em>δὶς</em></strong></span> <span class='ocrx_word' id='word_1_12' title='bbox 496 620 562 691; x_wconf 83' lang='grc' dir='ltr'><strong><em>ὑπὸ</em></strong></span> <span class='ocrx_word' id='word_1_13' title='bbox 584 627 654 692; x_wconf 85' lang='grc' dir='ltr'><strong><em>τών</em></strong></span> <span class='ocrx_word' id='word_1_14' title='bbox 676 631 762 709; x_wconf 84' lang='grc' dir='ltr'><strong><em>ΑΔ,</em></strong></span> <span class='ocrx_word' id='word_1_15' title='bbox 787 631 853 691; x_wconf 90' lang='grc' dir='ltr'><strong><em>ΔΒ</em></strong></span> <span class='ocrx_word' id='word_1_16' title='bbox 876 623 991 710; x_wconf 75' lang='grc' dir='ltr'><strong><em>μεῖζόν</em></strong></span> <span class='ocrx_word' id='word_1_17' title='bbox 1014 626 1081 694; x_wconf 76' lang='grc' dir='ltr'><strong><em>ἐστι</em></strong></span> 
     </span>
     <span class='ocr_line' id='line_1_3' title="bbox 66 724 1124 814; baseline -0.001 -18"><span class='ocrx_word' id='word_1_18' title='bbox 66 733 130 797; x_wconf 81' lang='grc' dir='ltr'><strong><em>τοῦ</em></strong></span> <span class='ocrx_word' id='word_1_19' title='bbox 158 730 209 808; x_wconf 79' lang='grc' dir='ltr'><strong><em>δὶς</em></strong></span> <span class='ocrx_word' id='word_1_20' title='bbox 236 724 303 795; x_wconf 79' lang='grc' dir='ltr'><strong><em>ὑπὸ</em></strong></span> <span class='ocrx_word' id='word_1_21' title='bbox 331 733 400 796; x_wconf 79' lang='grc' dir='ltr'><strong><em>τῶν</em></strong></span> <span class='ocrx_word' id='word_1_22' title='bbox 425 734 539 814; x_wconf 86' lang='grc' dir='ltr'><em>ΑΓΒ,</em></span> <span class='ocrx_word' id='word_1_23' title='bbox 571 730 722 798; x_wconf 80' lang='grc' dir='ltr'><strong><em>τουτέστι</em></strong></span> <span class='ocrx_word' id='word_1_24' title='bbox 748 728 786 798; x_wconf 93' lang='grc' dir='ltr'><strong><em>τὸ</em></strong></span> <span class='ocrx_word' id='word_1_25' title='bbox 816 729 901 811; x_wconf 82' lang='grc' dir='ltr'><strong><em>άπαξ</em></strong></span> <span class='ocrx_word' id='word_1_26' title='bbox 924 728 989 799; x_wconf 83' lang='grc' dir='ltr'><strong><em>ὑπὸ</em></strong></span> <span class='ocrx_word' id='word_1_27' title='bbox 1013 736 1082 800; x_wconf 84' lang='grc' dir='ltr'><strong><em>τῶν</em></strong></span> <span class='ocrx_word' id='word_1_28' title='bbox 1110 784 1124 795; x_wconf 86' lang='grc'><strong>.</strong></span> 
     </span>
     <span class='ocr_line' id='line_1_4' title="bbox 68 831 1080 920; baseline 0.002 -18"><span class='ocrx_word' id='word_1_29' title='bbox 68 840 153 918; x_wconf 87' lang='grc' dir='ltr'><strong><em>ΑΔ,</em></strong></span> <span class='ocrx_word' id='word_1_30' title='bbox 178 840 244 901; x_wconf 92' lang='grc' dir='ltr'><strong><em>ΔΒ</em></strong></span> <span class='ocrx_word' id='word_1_31' title='bbox 272 837 333 902; x_wconf 84' lang='grc' dir='ltr'><strong><em>τοῦ</em></strong></span> <span class='ocrx_word' id='word_1_32' title='bbox 360 834 446 915; x_wconf 83' lang='grc' dir='ltr'><strong><em>άπαξ</em></strong></span> <span class='ocrx_word' id='word_1_33' title='bbox 473 831 539 902; x_wconf 81' lang='grc' dir='ltr'><strong><em>ὑπὸ</em></strong></span> <span class='ocrx_word' id='word_1_34' title='bbox 562 839 631 903; x_wconf 84' lang='grc' dir='ltr'><strong><em>τών</em></strong></span> <span class='ocrx_word' id='word_1_35' title='bbox 654 840 734 919; x_wconf 84' lang='grc' dir='ltr'><strong><em>ΛΓ,</em></strong></span> <span class='ocrx_word' id='word_1_36' title='bbox 756 841 827 905; x_wconf 88' lang='grc' dir='ltr'><strong><em>ΓΒ.</em></strong></span> <span class='ocrx_word' id='word_1_37' title='bbox 872 834 992 905; x_wconf 90' lang='grc' dir='ltr'><strong><em>λοιπὸν</em></strong></span> <span class='ocrx_word' id='word_1_38' title='bbox 1015 835 1080 920; x_wconf 83' lang='grc' dir='ltr'><strong><em>άρα</em></strong></span> 
     </span>
     <span class='ocr_line' id='line_1_5' title="bbox 65 937 1080 1027; baseline 0 -17"><span class='ocrx_word' id='word_1_39' title='bbox 65 940 107 1010; x_wconf 82' lang='grc' dir='ltr'><strong><em>τὰ</em></strong></span> <span class='ocrx_word' id='word_1_40' title='bbox 131 939 196 1009; x_wconf 85' lang='grc' dir='ltr'><strong><em>άπὸ</em></strong></span> <span class='ocrx_word' id='word_1_41' title='bbox 219 945 288 1009; x_wconf 83' lang='grc' dir='ltr'><strong><em>τών</em></strong></span> <span class='ocrx_word' id='word_1_42' title='bbox 311 948 396 1026; x_wconf 89' lang='grc' dir='ltr'><strong><em>ΑΔ,</em></strong></span> <span class='ocrx_word' id='word_1_43' title='bbox 421 948 487 1008; x_wconf 92' lang='grc' dir='ltr'><strong><em>ΔΒ</em></strong></span> <span class='ocrx_word' id='word_1_44' title='bbox 514 945 583 1009; x_wconf 84' lang='grc' dir='ltr'><strong><em>των</em></strong></span> <span class='ocrx_word' id='word_1_45' title='bbox 611 937 676 1008; x_wconf 85' lang='grc' dir='ltr'><strong><em>άπὸ</em></strong></span> <span class='ocrx_word' id='word_1_46' title='bbox 702 944 771 1009; x_wconf 79' lang='grc' dir='ltr'><strong><em>τῶν</em></strong></span> <span class='ocrx_word' id='word_1_47' title='bbox 796 946 875 1027; x_wconf 83' lang='grc' dir='ltr'><strong><em>ΑΓ,</em></strong></span> <span class='ocrx_word' id='word_1_48' title='bbox 899 948 960 1010; x_wconf 88' lang='grc' dir='ltr'><strong><em>ΓΒ</em></strong></span> <span class='ocrx_word' id='word_1_49' title='bbox 988 942 1080 1011; x_wconf 83' lang='grc' dir='ltr'><strong><em>ἐλάσ-</em></strong></span> 
     </span>
     <span class='ocr_line' id='line_1_6' title="bbox 67 1046 1133 1123; baseline -0.007 -8"><span class='ocrx_word' id='word_1_50' title='bbox 67 1046 152 1116; x_wconf 89' lang='grc' dir='ltr'><strong><em>σονά</em></strong></span> <span class='ocrx_word' id='word_1_51' title='bbox 176 1049 277 1115; x_wconf 81' lang='grc' dir='ltr'><strong><em>ἐστιν.</em></strong></span> <span class='ocrx_word' id='word_1_52' title='bbox 1116 1075 1133 1123; x_wconf 77' lang='lat'><strong>⁶</strong></span> 
     </span>
    </p>

    <p class='ocr_par' dir='ltr' id='par_1_3' title="bbox 64 1150 1133 1877">
     <span class='ocr_line' id='line_1_7' title="bbox 99 1150 1078 1244; baseline 0.003 -24"><span class='ocrx_word' id='word_1_53' title='bbox 99 1235 103 1244; x_wconf 34' lang='grc' dir='ltr'>Ι</span> <span class='ocrx_word' id='word_1_54' title='bbox 135 1158 209 1221; x_wconf 93' lang='lat'><strong>271.</strong></span> <span class='ocrx_word' id='word_1_55' title='bbox 242 1150 460 1236; x_wconf 88' lang='grc' dir='ltr'><strong><em>Ἡπρότασις</em></strong></span> <span class='ocrx_word' id='word_1_56' title='bbox 478 1156 539 1221; x_wconf 84' lang='grc' dir='ltr'><strong><em>τοῦ</em></strong></span> <span class='ocrx_word' id='word_1_57' title='bbox 557 1151 726 1240; x_wconf 80' lang='grc' dir='ltr'><strong><em>λήμματος</em></strong></span> <span class='ocrx_word' id='word_1_58' title='bbox 743 1153 857 1222; x_wconf 87' lang='grc' dir='ltr'><strong><em>τοιάδε</em></strong></span> <span class='ocrx_word' id='word_1_59' title='bbox 871 1151 915 1221; x_wconf 77' lang='grc' dir='ltr'><strong><em>ἂν</em></strong></span> <span class='ocrx_word' id='word_1_60' title='bbox 929 1161 993 1240; x_wconf 86' lang='grc' dir='ltr'><strong><em>είη·</em></strong></span> <span class='ocrx_word' id='word_1_61' title='bbox 1018 1152 1078 1223; x_wconf 82' lang='grc' dir='ltr'><strong><em>ἐὰν</em></strong></span> 
     </span>
     <span class='ocr_line' id='line_1_8' title="bbox 67 1256 1079 1347; baseline -0.001 -19"><span class='ocrx_word' id='word_1_62' title='bbox 67 1257 185 1328; x_wconf 77' lang='grc' dir='ltr'><strong><em>εὐθεῖα</em></strong></span> <span class='ocrx_word' id='word_1_63' title='bbox 215 1256 350 1344; x_wconf 85' lang='grc' dir='ltr'><strong><em>γραμμή</em></strong></span> <span class='ocrx_word' id='word_1_64' title='bbox 382 1256 490 1338; x_wconf 79' lang='grc' dir='ltr'><strong><em>ἄλλως</em></strong></span> <span class='ocrx_word' id='word_1_65' title='bbox 522 1259 578 1326; x_wconf 83' lang='grc' dir='ltr'><strong><em>καὶ</em></strong></span> <span class='ocrx_word' id='word_1_66' title='bbox 606 1256 714 1339; x_wconf 86' lang='grc' dir='ltr'><strong><em>άλλως</em></strong></span> <span class='ocrx_word' id='word_1_67' title='bbox 745 1262 857 1347; x_wconf 78' lang='grc' dir='ltr'><strong><em>τμηδή</em></strong></span> <span class='ocrx_word' id='word_1_68' title='bbox 890 1263 938 1338; x_wconf 91' lang='grc' dir='ltr'><strong><em>είς</em></strong></span> <span class='ocrx_word' id='word_1_69' title='bbox 967 1257 1079 1345; x_wconf 85' lang='grc' dir='ltr'><strong><em>άνισα,</em></strong></span> 
     </span>
     <span class='ocr_line' id='line_1_9' title="bbox 65 1360 1079 1453; baseline 0 -20"><span class='ocrx_word' id='word_1_70' title='bbox 65 1362 146 1434; x_wconf 76' lang='grc' dir='ltr'><strong><em>καθ’</em></strong></span> <span class='ocrx_word' id='word_1_71' title='bbox 172 1360 217 1453; x_wconf 78' lang='grc' dir='ltr'><strong><em>ἣν</em></strong></span> <span class='ocrx_word' id='word_1_72' title='bbox 244 1361 352 1451; x_wconf 83' lang='grc' dir='ltr'><strong><em>τομήν</em></strong></span> <span class='ocrx_word' id='word_1_73' title='bbox 379 1363 534 1452; x_wconf 78' lang='grc' dir='ltr'><strong><em>ὑπερέχει</em></strong></span> <span class='ocrx_word' id='word_1_74' title='bbox 560 1362 598 1432; x_wconf 86' lang='grc' dir='ltr'><strong><em>τὸ</em></strong></span> <span class='ocrx_word' id='word_1_75' title='bbox 628 1371 740 1451; x_wconf 77' lang='grc' dir='ltr'><strong><em>μεῖζον</em></strong></span> <span class='ocrx_word' id='word_1_76' title='bbox 766 1368 966 1451; x_wconf 84' lang='grc' dir='ltr'><strong><em>τμήματοῦ</em></strong></span> <span class='ocrx_word' id='word_1_77' title='bbox 995 1366 1079 1433; x_wconf 83' lang='grc' dir='ltr'><strong><em>κατὰ</em></strong></span> 
     </span>
     <span class='ocr_line' id='line_1_10' title="bbox 65 1467 1077 1557; baseline 0 -19"><span class='ocrx_word' id='word_1_78' title='bbox 65 1469 129 1556; x_wconf 86' lang='grc' dir='ltr'><strong><em>τήν</em></strong></span> <span class='ocrx_word' id='word_1_79' title='bbox 149 1470 264 1554; x_wconf 89' lang='grc' dir='ltr'><strong><em>ἑτέραν</em></strong></span> <span class='ocrx_word' id='word_1_80' title='bbox 281 1469 389 1557; x_wconf 86' lang='grc' dir='ltr'><strong><em>τομήν</em></strong></span> <span class='ocrx_word' id='word_1_81' title='bbox 408 1476 559 1556; x_wconf 77' lang='grc' dir='ltr'><strong><em>μείζονος</em></strong></span> <span class='ocrx_word' id='word_1_82' title='bbox 577 1468 754 1557; x_wconf 80' lang='grc' dir='ltr'><strong><em>τμήματος,</em></strong></span> <span class='ocrx_word' id='word_1_83' title='bbox 775 1468 817 1538; x_wconf 80' lang='grc' dir='ltr'><strong><em>τά</em></strong></span> <span class='ocrx_word' id='word_1_84' title='bbox 837 1467 902 1539; x_wconf 89' lang='grc' dir='ltr'><strong><em>άπὸ</em></strong></span> <span class='ocrx_word' id='word_1_85' title='bbox 916 1482 986 1540; x_wconf 79' lang='grc' dir='ltr'><strong><em>τῶν</em></strong></span> <span class='ocrx_word' id='word_1_86' title='bbox 1004 1470 1077 1540; x_wconf 88' lang='grc' dir='ltr'><strong><em>κατ’</em></strong></span> 
     </span>
     <span class='ocr_line' id='line_1_11' title="bbox 66 1576 1133 1663; baseline 0.006 -18"><span class='ocrx_word' id='word_1_87' title='bbox 66 1579 199 1663; x_wconf 76' lang='grc' dir='ltr'><strong><em>ἐκείνην</em></strong></span> <span class='ocrx_word' id='word_1_88' title='bbox 222 1577 411 1662; x_wconf 80' lang='grc' dir='ltr'><strong><em>γινομένων</em></strong></span> <span class='ocrx_word' id='word_1_89' title='bbox 433 1579 613 1663; x_wconf 81' lang='grc' dir='ltr'><strong><em>τμημάτων</em></strong></span> <span class='ocrx_word' id='word_1_90' title='bbox 636 1576 828 1663; x_wconf 88' lang='grc' dir='ltr'><strong><em>τετράγωνοι</em></strong></span> <span class='ocrx_word' id='word_1_91' title='bbox 850 1576 984 1663; x_wconf 78' lang='grc' dir='ltr'><strong><em>μείζονά</em></strong></span> <span class='ocrx_word' id='word_1_92' title='bbox 1008 1578 1078 1646; x_wconf 81' lang='grc' dir='ltr'><strong><em>ἐστι</em></strong></span> <span class='ocrx_word' id='word_1_93' title='bbox 1098 1603 1133 1652; x_wconf 86' lang='lat'><strong><em>10</em></strong></span> 
     </span>
     <span class='ocr_line' id='line_1_12' title="bbox 64 1679 1077 1770; baseline 0.001 -20"><span class='ocrx_word' id='word_1_94' title='bbox 64 1685 135 1750; x_wconf 85' lang='grc' dir='ltr'><strong><em>τών</em></strong></span> <span class='ocrx_word' id='word_1_95' title='bbox 157 1682 376 1769; x_wconf 70' lang='grc' dir='ltr'><strong><em>τετραγώνων</em></strong></span> <span class='ocrx_word' id='word_1_96' title='bbox 399 1687 469 1750; x_wconf 83' lang='grc' dir='ltr'><strong><em>τών</em></strong></span> <span class='ocrx_word' id='word_1_97' title='bbox 491 1679 784 1770; x_wconf 78' lang='grc' dir='ltr'><strong><em>ἀναγραφομένων</em></strong></span> <span class='ocrx_word' id='word_1_98' title='bbox 813 1680 879 1751; x_wconf 88' lang='grc' dir='ltr'><strong><em>άπὸ</em></strong></span> <span class='ocrx_word' id='word_1_99' title='bbox 903 1687 972 1751; x_wconf 91' lang='grc' dir='ltr'><strong><em>τών</em></strong></span> <span class='ocrx_word' id='word_1_100' title='bbox 994 1685 1077 1751; x_wconf 79' lang='grc' dir='ltr'><strong><em>κατὰ</em></strong></span> 
     </span>
     <span class='ocr_line' id='line_1_13' title="bbox 64 1787 820 1877; baseline 0.001 -20"><span class='ocrx_word' id='word_1_101' title='bbox 64 1787 126 1874; x_wconf 88' lang='grc' dir='ltr'><strong><em>τήν</em></strong></span> <span class='ocrx_word' id='word_1_102' title='bbox 151 1789 266 1875; x_wconf 82' lang='grc' dir='ltr'><strong><em>ἑτέραν</em></strong></span> <span class='ocrx_word' id='word_1_103' title='bbox 289 1788 396 1876; x_wconf 88' lang='grc' dir='ltr'><strong><em>τομήν</em></strong></span> <span class='ocrx_word' id='word_1_104' title='bbox 419 1791 609 1876; x_wconf 88' lang='grc' dir='ltr'><strong><em>γινομένων</em></strong></span> <span class='ocrx_word' id='word_1_105' title='bbox 631 1790 820 1877; x_wconf 77' lang='grc' dir='ltr'><strong><em>τμημάτων.</em></strong></span> 
     </span>
    </p>

    <p class='ocr_par' dir='ltr' id='par_1_4' title="bbox 62 1891 1130 2717">
     <span class='ocr_line' id='line_1_14' title="bbox 132 1891 1077 1981; baseline 0.002 -19"><span class='ocrx_word' id='word_1_106' title='bbox 132 1899 206 1963; x_wconf 92' lang='lat'><strong>272.</strong></span> <span class='ocrx_word' id='word_1_107' title='bbox 234 1892 343 1962; x_wconf 83' lang='grc' dir='ltr'><strong><em>Ἔστω</em></strong></span> <span class='ocrx_word' id='word_1_108' title='bbox 366 1891 428 1979; x_wconf 81' lang='grc' dir='ltr'><strong><em>ὅλη</em></strong></span> <span class='ocrx_word' id='word_1_109' title='bbox 452 1893 473 1980; x_wconf 90' lang='grc' dir='ltr'><strong><em>ή</em></strong></span> <span class='ocrx_word' id='word_1_110' title='bbox 494 1901 559 1962; x_wconf 88' lang='lat' dir='ltr'><strong><em>AB</em></strong></span> <span class='ocrx_word' id='word_1_111' title='bbox 582 1893 747 1974; x_wconf 88' lang='grc' dir='ltr'><strong><em>δεκάπους</em></strong></span> <span class='ocrx_word' id='word_1_112' title='bbox 763 1894 819 1962; x_wconf 84' lang='grc' dir='ltr'><strong><em>καὶ</em></strong></span> <span class='ocrx_word' id='word_1_113' title='bbox 837 1895 1012 1981; x_wconf 75' lang='grc' dir='ltr'><strong><em>τετμήσθω</em></strong></span> <span class='ocrx_word' id='word_1_114' title='bbox 1032 1893 1077 1976; x_wconf 83' lang='grc' dir='ltr'><strong><em>ώς</em></strong></span> 
     </span>
     <span class='ocr_line' id='line_1_15' title="bbox 64 1996 1076 2088; baseline 0.001 -20"><span class='ocrx_word' id='word_1_115' title='bbox 64 1998 151 2069; x_wconf 80' lang='grc' dir='ltr'><strong><em>εἶναι</em></strong></span> <span class='ocrx_word' id='word_1_116' title='bbox 174 1999 237 2086; x_wconf 84' lang='grc' dir='ltr'><strong><em>τήν</em></strong></span> <span class='ocrx_word' id='word_1_117' title='bbox 261 1999 322 2086; x_wconf 74' lang='grc' dir='ltr'><strong><em>μὲν</em></strong></span> <span class='ocrx_word' id='word_1_118' title='bbox 345 2002 415 2066; x_wconf 83' lang='grc' dir='ltr'><strong><em>ΑΓ</em></strong></span> <span class='ocrx_word' id='word_1_119' title='bbox 433 1996 613 2085; x_wconf 85' lang='grc' dir='ltr'><strong><em>ὀκτάπουυ,</em></strong></span> <span class='ocrx_word' id='word_1_120' title='bbox 636 1999 700 2087; x_wconf 84' lang='grc' dir='ltr'><strong><em>τήν</em></strong></span> <span class='ocrx_word' id='word_1_121' title='bbox 723 1999 761 2069; x_wconf 73' lang='grc' dir='ltr'><strong><em>δὲ</em></strong></span> <span class='ocrx_word' id='word_1_122' title='bbox 779 2005 846 2067; x_wconf 87' lang='grc' dir='ltr'><strong><em>ΒΓ</em></strong></span> <span class='ocrx_word' id='word_1_123' title='bbox 865 2004 997 2088; x_wconf 86' lang='grc' dir='ltr'><strong><em>δίπουν,</em></strong></span> <span class='ocrx_word' id='word_1_124' title='bbox 1020 2003 1076 2071; x_wconf 84' lang='grc' dir='ltr'><strong><em>καὶ</em></strong></span> 
     </span>
     <span class='ocr_line' id='line_1_16' title="bbox 64 2101 1130 2193; baseline 0.008 -20"><span class='ocrx_word' id='word_1_125' title='bbox 64 2111 112 2173; x_wconf 82' lang='grc' dir='ltr'><strong><em>ἔτι</em></strong></span> <span class='ocrx_word' id='word_1_126' title='bbox 134 2105 197 2192; x_wconf 86' lang='grc' dir='ltr'><strong><em>τήν</em></strong></span> <span class='ocrx_word' id='word_1_127' title='bbox 215 2114 247 2172; x_wconf 83' lang='grc' dir='ltr'><em>Α</em></span> <span class='ocrx_word' id='word_1_128' title='bbox 254 2113 287 2172; x_wconf 92' lang='grc' dir='ltr'><em>Δ</em></span> <span class='ocrx_word' id='word_1_129' title='bbox 309 2103 506 2191; x_wconf 87' lang='grc' dir='ltr'><strong><em>τετράπουν,</em></strong></span> <span class='ocrx_word' id='word_1_130' title='bbox 530 2104 674 2186; x_wconf 82' lang='grc' dir='ltr'><strong><em>ἑξάπουν</em></strong></span> <span class='ocrx_word' id='word_1_131' title='bbox 699 2105 737 2174; x_wconf 74' lang='grc' dir='ltr'><strong><em>δέ</em></strong></span> <span class='ocrx_word' id='word_1_132' title='bbox 758 2103 822 2193; x_wconf 83' lang='grc' dir='ltr'><strong><em>τήν</em></strong></span> <span class='ocrx_word' id='word_1_133' title='bbox 842 2113 917 2174; x_wconf 90' lang='grc' dir='ltr'><strong><em>ΔΒ.</em></strong></span> <span class='ocrx_word' id='word_1_134' title='bbox 952 2107 993 2176; x_wconf 77' lang='grc' dir='ltr'><strong><em>τά</em></strong></span> <span class='ocrx_word' id='word_1_135' title='bbox 1014 2101 1076 2177; x_wconf 82' lang='grc' dir='ltr'><strong><em>οὖν</em></strong></span> <span class='ocrx_word' id='word_1_136' title='bbox 1098 2132 1130 2182; x_wconf 76' lang='grc' dir='ltr'><strong><em>ιο</em></strong></span> 
     </span>
     <span class='ocr_line' id='line_1_17' title="bbox 63 2206 1076 2299; baseline 0.005 -22"><span class='ocrx_word' id='word_1_137' title='bbox 63 2209 129 2278; x_wconf 88' lang='grc' dir='ltr'><strong><em>άπὸ</em></strong></span> <span class='ocrx_word' id='word_1_138' title='bbox 157 2213 216 2296; x_wconf 80' lang='grc' dir='ltr'><strong><em>τῆς</em></strong></span> <span class='ocrx_word' id='word_1_139' title='bbox 244 2206 440 2290; x_wconf 68' lang='grc' dir='ltr'><strong><em>ὀκτάποδος·</em></strong></span> <span class='ocrx_word' id='word_1_140' title='bbox 456 2210 512 2277; x_wconf 84' lang='grc' dir='ltr'><strong><em>καὶ</em></strong></span> <span class='ocrx_word' id='word_1_141' title='bbox 539 2208 605 2280; x_wconf 88' lang='grc' dir='ltr'><strong><em>άπὸ</em></strong></span> <span class='ocrx_word' id='word_1_142' title='bbox 632 2215 691 2298; x_wconf 87' lang='grc' dir='ltr'><strong><em>τής</em></strong></span> <span class='ocrx_word' id='word_1_143' title='bbox 719 2215 859 2292; x_wconf 88' lang='grc' dir='ltr'><strong><em>δίποδος</em></strong></span> <span class='ocrx_word' id='word_1_144' title='bbox 886 2215 1076 2299; x_wconf 88' lang='grc' dir='ltr'><strong><em>τετράγωνα</em></strong></span> 
     </span>
     <span class='ocr_line' id='line_1_18' title="bbox 63 2312 1078 2403; baseline 0.004 -19"><span class='ocrx_word' id='word_1_145' title='bbox 63 2317 198 2403; x_wconf 81' lang='grc' dir='ltr'><strong><em>μείζονά</em></strong></span> <span class='ocrx_word' id='word_1_146' title='bbox 227 2316 297 2384; x_wconf 81' lang='grc' dir='ltr'><strong><em>ἐστι</em></strong></span> <span class='ocrx_word' id='word_1_147' title='bbox 323 2319 393 2384; x_wconf 84' lang='grc' dir='ltr'><strong><em>των</em></strong></span> <span class='ocrx_word' id='word_1_148' title='bbox 419 2312 485 2383; x_wconf 86' lang='grc' dir='ltr'><strong><em>άπὸ</em></strong></span> <span class='ocrx_word' id='word_1_149' title='bbox 513 2318 572 2402; x_wconf 84' lang='grc' dir='ltr'><strong><em>τῆς</em></strong></span> <span class='ocrx_word' id='word_1_150' title='bbox 598 2315 759 2398; x_wconf 80' lang='grc' dir='ltr'><strong><em>ἑξάποδος</em></strong></span> <span class='ocrx_word' id='word_1_151' title='bbox 790 2317 846 2384; x_wconf 81' lang='grc' dir='ltr'><strong><em>καὶ</em></strong></span> <span class='ocrx_word' id='word_1_152' title='bbox 875 2319 1078 2403; x_wconf 84' lang='grc' dir='ltr'><strong><em>τετράποδος</em></strong></span> 
     </span>
     <span class='ocr_line' id='line_1_19' title="bbox 62 2418 1075 2509; baseline 0.003 -19"><span class='ocrx_word' id='word_1_153' title='bbox 62 2420 295 2509; x_wconf 86' lang='grc' dir='ltr'><strong><em>τετραγώνων·</em></strong></span> <span class='ocrx_word' id='word_1_154' title='bbox 320 2419 360 2490; x_wconf 81' lang='grc' dir='ltr'><strong><em>τὰ</em></strong></span> <span class='ocrx_word' id='word_1_155' title='bbox 383 2418 448 2507; x_wconf 82' lang='grc' dir='ltr'><strong><em>γάρ</em></strong></span> <span class='ocrx_word' id='word_1_156' title='bbox 473 2419 605 2502; x_wconf 84' lang='grc' dir='ltr'><strong><em>ὀκτάκις</em></strong></span> <span class='ocrx_word' id='word_1_157' title='bbox 629 2419 793 2491; x_wconf 81' lang='grc' dir='ltr'><strong><em>ὀκτώκαὶ</em></strong></span> <span class='ocrx_word' id='word_1_158' title='bbox 817 2423 870 2502; x_wconf 82' lang='grc' dir='ltr'><strong><em>δὶς</em></strong></span> <span class='ocrx_word' id='word_1_159' title='bbox 893 2423 967 2509; x_wconf 82' lang='grc' dir='ltr'><strong><em>δύο,</em></strong></span> <span class='ocrx_word' id='word_1_160' title='bbox 992 2425 1075 2508; x_wconf 83' lang='grc' dir='ltr'><strong><em>άπερ</em></strong></span> 
     </span>
     <span class='ocr_line' id='line_1_20' title="bbox 63 2516 1076 2615; baseline 0.003 -19"><span class='ocrx_word' id='word_1_161' title='bbox 63 2530 154 2596; x_wconf 80' lang='grc' dir='ltr'><strong><em>ἐστίν</em></strong></span> <span class='ocrx_word' id='word_1_162' title='bbox 178 2516 233 2614; x_wconf 68' lang='grc' dir='ltr'><strong><em>ξη,</em></strong></span> <span class='ocrx_word' id='word_1_163' title='bbox 266 2525 399 2613; x_wconf 78' lang='grc' dir='ltr'><strong><em>μείζονά</em></strong></span> <span class='ocrx_word' id='word_1_164' title='bbox 423 2528 492 2596; x_wconf 83' lang='grc' dir='ltr'><strong><em>ἐστι</em></strong></span> <span class='ocrx_word' id='word_1_165' title='bbox 518 2532 588 2596; x_wconf 83' lang='grc' dir='ltr'><strong><em>τών</em></strong></span> <span class='ocrx_word' id='word_1_166' title='bbox 616 2529 724 2610; x_wconf 84' lang='grc' dir='ltr'><strong><em>ἑξάκις</em></strong></span> <span class='ocrx_word' id='word_1_167' title='bbox 744 2533 766 2599; x_wconf 72' lang='grc' dir='ltr'><strong>ξ</strong></span> <span class='ocrx_word' id='word_1_168' title='bbox 792 2528 848 2596; x_wconf 84' lang='grc' dir='ltr'><strong><em>καὶ</em></strong></span> <span class='ocrx_word' id='word_1_169' title='bbox 870 2529 1021 2615; x_wconf 83' lang='grc' dir='ltr'><strong><em>τετράκις</em></strong></span> <span class='ocrx_word' id='word_1_170' title='bbox 1044 2520 1076 2608; x_wconf 87' lang='grc' dir='ltr'><strong><em>δ,</em></strong></span> 
     </span>
     <span class='ocr_line' id='line_1_21' title="bbox 63 2633 1130 2717; baseline 0.01 -16"><span class='ocrx_word' id='word_1_171' title='bbox 63 2633 147 2717; x_wconf 83' lang='grc' dir='ltr'><strong><em>ἅπερ</em></strong></span> <span class='ocrx_word' id='word_1_172' title='bbox 171 2633 240 2703; x_wconf 82' lang='grc' dir='ltr'><strong><em>ἐστὶ</em></strong></span> <span class='ocrx_word' id='word_1_173' title='bbox 260 2637 292 2701; x_wconf 75' lang='grc' dir='ltr'><strong><em>ν.</em></strong></span> <span class='ocrx_word' id='word_1_174' title='bbox 1095 2662 1130 2712; x_wconf 75' lang='lat'><strong><em>20</em></strong></span> 
     </span>
    </p>

    <p class='ocr_par' dir='ltr' id='par_1_5' title="bbox 58 2737 1127 3468">
     <span class='ocr_line' id='line_1_22' title="bbox 129 2737 1074 2829; baseline 0.003 -22"><span class='ocrx_word' id='word_1_175' title='bbox 129 2744 204 2810; x_wconf 85' lang='lat'><strong>273.</strong></span> <span class='ocrx_word' id='word_1_176' title='bbox 237 2737 371 2825; x_wconf 81' lang='grc' dir='ltr'><strong><em>Ἰστέον,</em></strong></span> <span class='ocrx_word' id='word_1_177' title='bbox 391 2738 442 2808; x_wconf 84' lang='grc' dir='ltr'><strong><em>ὅτι</em></strong></span> <span class='ocrx_word' id='word_1_178' title='bbox 461 2738 507 2819; x_wconf 84' lang='grc' dir='ltr'><strong><em>ώς</em></strong></span> <span class='ocrx_word' id='word_1_179' title='bbox 525 2741 563 2808; x_wconf 84' lang='grc' dir='ltr'><strong><em>ἑν</em></strong></span> <span class='ocrx_word' id='word_1_180' title='bbox 576 2767 608 2808; x_wconf 92' lang='grc' dir='ltr'><strong><em>τι</em></strong></span> <span class='ocrx_word' id='word_1_181' title='bbox 625 2739 787 2826; x_wconf 74' lang='grc' dir='ltr'><strong><em>λαμβάνει</em></strong></span> <span class='ocrx_word' id='word_1_182' title='bbox 801 2747 926 2828; x_wconf 79' lang='grc' dir='ltr'><strong><em>χωρίον</em></strong></span> <span class='ocrx_word' id='word_1_183' title='bbox 939 2740 977 2810; x_wconf 84' lang='grc' dir='ltr'><strong><em>τὸ</em></strong></span> <span class='ocrx_word' id='word_1_184' title='bbox 998 2763 1074 2829; x_wconf 88' lang='grc' dir='ltr'><strong><em>συγ-</em></strong></span> 
     </span>
     <span class='ocr_line' id='line_1_23' title="bbox 61 2842 1075 2933; baseline 0.004 -20"><span class='ocrx_word' id='word_1_185' title='bbox 61 2850 217 2932; x_wconf 83' lang='grc' dir='ltr'><strong><em>κείμενον</em></strong></span> <span class='ocrx_word' id='word_1_186' title='bbox 241 2845 292 2924; x_wconf 78' lang='grc' dir='ltr'><strong><em>δλς</em></strong></span> <span class='ocrx_word' id='word_1_187' title='bbox 315 2842 380 2914; x_wconf 82' lang='grc' dir='ltr'><strong><em>ὑπὸ</em></strong></span> <span class='ocrx_word' id='word_1_188' title='bbox 403 2849 472 2913; x_wconf 83' lang='grc' dir='ltr'><strong><em>τών</em></strong></span> <span class='ocrx_word' id='word_1_189' title='bbox 491 2852 566 2933; x_wconf 83' lang='grc' dir='ltr'><strong><em>ΑΓ,</em></strong></span> <span class='ocrx_word' id='word_1_190' title='bbox 582 2852 643 2914; x_wconf 88' lang='grc' dir='ltr'><strong><em>ΓΒ</em></strong></span> <span class='ocrx_word' id='word_1_191' title='bbox 665 2848 721 2914; x_wconf 83' lang='grc' dir='ltr'><strong><em>καὶ</em></strong></span> <span class='ocrx_word' id='word_1_192' title='bbox 744 2845 810 2916; x_wconf 86' lang='grc' dir='ltr'><strong><em>άπὸ</em></strong></span> <span class='ocrx_word' id='word_1_193' title='bbox 834 2851 904 2916; x_wconf 86' lang='grc' dir='ltr'><strong><em>τών</em></strong></span> <span class='ocrx_word' id='word_1_194' title='bbox 922 2844 987 2916; x_wconf 88' lang='grc' dir='ltr'><strong><em>άπὸ</em></strong></span> <span class='ocrx_word' id='word_1_195' title='bbox 1006 2858 1075 2916; x_wconf 82' lang='grc' dir='ltr'><strong><em>τῶν</em></strong></span> 
     </span>
     <span class='ocr_line' id='line_1_24' title="bbox 62 2948 1073 3040; baseline 0.005 -22"><span class='ocrx_word' id='word_1_196' title='bbox 62 2957 141 3038; x_wconf 88' lang='grc' dir='ltr'><strong><em>ΑΓ,</em></strong></span> <span class='ocrx_word' id='word_1_197' title='bbox 166 2956 226 3020; x_wconf 89' lang='grc' dir='ltr'><strong><em>ΓΒ</em></strong></span> <span class='ocrx_word' id='word_1_198' title='bbox 253 2950 488 3037; x_wconf 87' lang='grc' dir='ltr'><strong><em>τετραγώνων,</em></strong></span> <span class='ocrx_word' id='word_1_199' title='bbox 517 2948 640 3037; x_wconf 88' lang='grc' dir='ltr'><strong><em>ὁμοίως</em></strong></span> <span class='ocrx_word' id='word_1_200' title='bbox 667 2950 709 3040; x_wconf 87' lang='grc' dir='ltr'><strong><em>δή</em></strong></span> <span class='ocrx_word' id='word_1_201' title='bbox 732 2952 834 3022; x_wconf 89' lang='grc' dir='ltr'><strong><em>πάλιν</em></strong></span> <span class='ocrx_word' id='word_1_202' title='bbox 859 2951 903 3033; x_wconf 81' lang='grc' dir='ltr'><strong><em>ὡς</em></strong></span> <span class='ocrx_word' id='word_1_203' title='bbox 925 2955 963 3021; x_wconf 83' lang='grc' dir='ltr'><strong><em>ἑν</em></strong></span> <span class='ocrx_word' id='word_1_204' title='bbox 985 2952 1073 3024; x_wconf 85' lang='grc' dir='ltr'><strong><em>τιτὸ</em></strong></span> 
     </span>
     <span class='ocr_line' id='line_1_25' title="bbox 61 3054 1072 3143; baseline 0.003 -19"><span class='ocrx_word' id='word_1_205' title='bbox 61 3062 282 3143; x_wconf 86' lang='grc' dir='ltr'><strong><em>συγκείμενον</em></strong></span> <span class='ocrx_word' id='word_1_206' title='bbox 311 3057 362 3135; x_wconf 81' lang='grc' dir='ltr'><strong><em>δλς</em></strong></span> <span class='ocrx_word' id='word_1_207' title='bbox 391 3054 457 3125; x_wconf 82' lang='grc' dir='ltr'><strong><em>ὑπὸ</em></strong></span> <span class='ocrx_word' id='word_1_208' title='bbox 486 3060 545 3143; x_wconf 87' lang='grc' dir='ltr'><strong><em>τής</em></strong></span> <span class='ocrx_word' id='word_1_209' title='bbox 567 3066 638 3126; x_wconf 89' lang='grc' dir='ltr'><strong><em>ΑΔ</em></strong></span> <span class='ocrx_word' id='word_1_210' title='bbox 664 3058 720 3126; x_wconf 78' lang='grc' dir='ltr'><strong><em>καί</em></strong></span> <span class='ocrx_word' id='word_1_211' title='bbox 744 3066 810 3126; x_wconf 92' lang='grc' dir='ltr'><strong><em>ΔΒ</em></strong></span> <span class='ocrx_word' id='word_1_212' title='bbox 837 3060 893 3126; x_wconf 82' lang='grc' dir='ltr'><strong><em>καὶ</em></strong></span> <span class='ocrx_word' id='word_1_213' title='bbox 916 3057 981 3128; x_wconf 90' lang='grc' dir='ltr'><strong><em>άπὸ</em></strong></span> <span class='ocrx_word' id='word_1_214' title='bbox 1003 3064 1072 3129; x_wconf 84' lang='grc' dir='ltr'><strong><em>τών</em></strong></span> 
     </span>
     <span class='ocr_line' id='line_1_26' title="bbox 60 3159 1127 3253; baseline 0.004 -24"><span class='ocrx_word' id='word_1_215' title='bbox 60 3159 127 3230; x_wconf 87' lang='grc' dir='ltr'><strong><em>άπὸ</em></strong></span> <span class='ocrx_word' id='word_1_216' title='bbox 146 3167 214 3231; x_wconf 86' lang='grc' dir='ltr'><strong><em>τών</em></strong></span> <span class='ocrx_word' id='word_1_217' title='bbox 228 3170 309 3247; x_wconf 90' lang='grc' dir='ltr'><strong><em>ΑΔ,</em></strong></span> <span class='ocrx_word' id='word_1_218' title='bbox 324 3170 390 3230; x_wconf 92' lang='grc' dir='ltr'><strong><em>ΔΒ</em></strong></span> <span class='ocrx_word' id='word_1_219' title='bbox 408 3165 637 3248; x_wconf 84' lang='grc' dir='ltr'><strong><em>τετραγώνων.</em></strong></span> <span class='ocrx_word' id='word_1_220' title='bbox 672 3165 728 3232; x_wconf 84' lang='grc' dir='ltr'><strong><em>καὶ</em></strong></span> <span class='ocrx_word' id='word_1_221' title='bbox 747 3163 816 3232; x_wconf 77' lang='grc' dir='ltr'><strong><em>ἐπεὶ</em></strong></span> <span class='ocrx_word' id='word_1_222' title='bbox 835 3164 1073 3253; x_wconf 87' lang='grc' dir='ltr'><strong><em>συναμφότερα</em></strong></span> <span class='ocrx_word' id='word_1_223' title='bbox 1092 3192 1127 3242; x_wconf 75' lang='lat'><strong><em>25</em></strong></span> 
     </span>
     <span class='ocr_line' id='line_1_27' title="bbox 58 3265 1073 3367; baseline 0.001 -29"><span class='ocrx_word' id='word_1_224' title='bbox 58 3267 100 3338; x_wconf 83' lang='grc' dir='ltr'><strong><em>τὰ</em></strong></span> <span class='ocrx_word' id='word_1_225' title='bbox 125 3269 176 3348; x_wconf 80' lang='grc' dir='ltr'><strong><em>δὶς</em></strong></span> <span class='ocrx_word' id='word_1_226' title='bbox 199 3265 265 3336; x_wconf 86' lang='grc' dir='ltr'><strong><em>ὑπὸ</em></strong></span> <span class='ocrx_word' id='word_1_227' title='bbox 289 3272 357 3337; x_wconf 85' lang='grc' dir='ltr'><strong><em>των</em></strong></span> <span class='ocrx_word' id='word_1_228' title='bbox 376 3274 451 3355; x_wconf 89' lang='grc' dir='ltr'><strong><em>ΑΓ,</em></strong></span> <span class='ocrx_word' id='word_1_229' title='bbox 471 3275 532 3337; x_wconf 89' lang='grc' dir='ltr'><strong><em>ΓΒ</em></strong></span> <span class='ocrx_word' id='word_1_230' title='bbox 555 3268 884 3367; x_wconf 86' lang='grc' dir='ltr'><strong><em>παραλληλόγραμμα</em></strong></span> <span class='ocrx_word' id='word_1_231' title='bbox 905 3270 985 3356; x_wconf 79' lang='grc' dir='ltr'><strong><em>μετὰ</em></strong></span> <span class='ocrx_word' id='word_1_232' title='bbox 1004 3276 1073 3340; x_wconf 83' lang='grc' dir='ltr'><strong><em>των</em></strong></span> 
     </span>
     <span class='ocr_line' id='line_1_28' title="bbox 59 3373 1074 3468; baseline 0.004 -27"><span class='ocrx_word' id='word_1_233' title='bbox 59 3373 126 3443; x_wconf 88' lang='grc' dir='ltr'><strong><em>ἀπὸ</em></strong></span> <span class='ocrx_word' id='word_1_234' title='bbox 149 3378 218 3442; x_wconf 82' lang='grc' dir='ltr'><strong><em>τών</em></strong></span> <span class='ocrx_word' id='word_1_235' title='bbox 242 3380 320 3460; x_wconf 84' lang='grc' dir='ltr'><strong><em>ΑΓ,</em></strong></span> <span class='ocrx_word' id='word_1_236' title='bbox 344 3381 404 3442; x_wconf 89' lang='grc' dir='ltr'><strong><em>ΓΒ</em></strong></span> <span class='ocrx_word' id='word_1_237' title='bbox 431 3373 651 3461; x_wconf 89' lang='grc' dir='ltr'><strong><em>τετραγώνων</em></strong></span> <span class='ocrx_word' id='word_1_238' title='bbox 679 3384 734 3443; x_wconf 81' lang='grc' dir='ltr'><strong><em>λσα</em></strong></span> <span class='ocrx_word' id='word_1_239' title='bbox 762 3375 830 3444; x_wconf 78' lang='grc' dir='ltr'><strong><em>ἐστὶ</em></strong></span> <span class='ocrx_word' id='word_1_240' title='bbox 857 3381 903 3468; x_wconf 79' lang='grc' dir='ltr'><strong><em>τῷ</em></strong></span> <span class='ocrx_word' id='word_1_241' title='bbox 926 3375 991 3446; x_wconf 88' lang='grc' dir='ltr'><strong><em>άπὸ</em></strong></span> <span class='ocrx_word' id='word_1_242' title='bbox 1014 3381 1074 3464; x_wconf 82' lang='grc' dir='ltr'><strong><em>της</em></strong></span> 
     </span>
    </p>
   </div>
   <div class='ocr_carea' id='block_1_3' title="bbox 131 3568 662 3640">
    <p class='ocr_par' dir='ltr' id='par_1_6' title="bbox 131 3568 662 3640">
     <span class='ocr_line' id='line_1_29' title="bbox 131 3568 662 3640; baseline 0.006 -18"><span class='ocrx_word' id='word_1_243' title='bbox 131 3574 192 3624; x_wconf 77' lang='grc' dir='ltr'><strong><em>ιω.</em></strong></span> <span class='ocrx_word' id='word_1_244' title='bbox 211 3588 232 3627; x_wconf 82' lang='lat' dir='ltr'><strong><em>r.</em></strong></span> <span class='ocrx_word' id='word_1_245' title='bbox 305 3574 366 3631; x_wconf 78' lang='grc' dir='ltr'><strong><em>ωε,</em></strong></span> <span class='ocrx_word' id='word_1_246' title='bbox 385 3587 412 3638; x_wconf 83' lang='lat' dir='ltr'><strong><em>q.</em></strong></span> <span class='ocrx_word' id='word_1_247' title='bbox 485 3574 545 3626; x_wconf 76' lang='grc' dir='ltr'><strong><em>εει.</em></strong></span> <span class='ocrx_word' id='word_1_248' title='bbox 565 3568 662 3640; x_wconf 82' lang='lat' dir='ltr'><strong>q(P²).</strong></span> 
     </span>
    </p>
   </div>
   <div class='ocr_carea' id='block_1_4' title="bbox 59 3690 272 3698">
    <p class='ocr_par' dir='ltr' id='par_1_7' title="bbox 59 3690 272 3698">
     <span class='ocr_line' id='line_1_30' title="bbox 59 3690 272 3698; baseline -0.005 0"><span class='ocrx_word' id='word_1_249' title='bbox 59 3690 272 3698; x_wconf 79' lang='lat'><strong><em>——-</em></strong></span> 
     </span>
    </p>
   </div>
   <div class='ocr_carea' id='block_1_5' title="bbox 58 3735 1070 3892">
    <p class='ocr_par' dir='ltr' id='par_1_8' title="bbox 58 3735 1070 3892">
     <span class='ocr_line' id='line_1_31' title="bbox 131 3735 1070 3827; baseline 0.009 -28"><span class='ocrx_word' id='word_1_250' title='bbox 131 3750 172 3800; x_wconf 79' lang='lat'><strong><em>20.</em></strong></span> <span class='ocrx_word' id='word_1_251' title='bbox 191 3746 221 3827; x_wconf 70' lang='grc' dir='ltr'><strong><em>υ]</em></strong></span> <span class='ocrx_word' id='word_1_252' title='bbox 241 3763 293 3801; x_wconf 75' lang='lat' dir='ltr'><strong>scr.</strong></span> <span class='ocrx_word' id='word_1_253' title='bbox 312 3735 355 3818; x_wconf 55' lang='lat' dir='ltr'><strong><em>[fl</em></strong></span> <span class='ocrx_word' id='word_1_254' title='bbox 437 3751 480 3802; x_wconf 77' lang='lat'><strong><em>22.</em></strong></span> <span class='ocrx_word' id='word_1_255' title='bbox 500 3747 543 3810; x_wconf 78' lang='grc' dir='ltr'><strong><em>δίς</em></strong></span> <span class='ocrx_word' id='word_1_256' title='bbox 574 3746 673 3803; x_wconf 79' lang='lat' dir='ltr'>debuit</span> <span class='ocrx_word' id='word_1_257' title='bbox 692 3743 724 3803; x_wconf 81' lang='grc' dir='ltr'><strong><em>ἑκ</em></strong></span> <span class='ocrx_word' id='word_1_258' title='bbox 743 3748 793 3804; x_wconf 75' lang='grc' dir='ltr'><strong><em>τοῦ</em></strong></span> <span class='ocrx_word' id='word_1_259' title='bbox 813 3749 870 3818; x_wconf 82' lang='grc' dir='ltr'><strong><em>δίς,</em></strong></span> <span class='ocrx_word' id='word_1_260' title='bbox 889 3750 939 3806; x_wconf 74' lang='lat' dir='ltr'><strong><em>sed</em></strong></span> <span class='ocrx_word' id='word_1_261' title='bbox 957 3750 1070 3807; x_wconf 85' lang='lat' dir='ltr'><strong>omnino</strong></span> 
     </span>
     <span class='ocr_line' id='line_1_32' title="bbox 58 3812 1062 3892; baseline 0.002 -21"><span class='ocrx_word' id='word_1_262' title='bbox 58 3814 255 3886; x_wconf 76' lang='lat' dir='ltr'>neglegentlus</span> <span class='ocrx_word' id='word_1_263' title='bbox 272 3817 406 3887; x_wconf 79' lang='lat' dir='ltr'><strong>loquitur.</strong></span> <span class='ocrx_word' id='word_1_264' title='bbox 479 3812 537 3873; x_wconf 84' lang='grc' dir='ltr'><strong><em>άπό</em></strong></span> <span class='ocrx_word' id='word_1_265' title='bbox 570 3818 671 3892; x_wconf 77' lang='lat' dir='ltr'>(prius)</span> <span class='ocrx_word' id='word_1_266' title='bbox 687 3820 786 3877; x_wconf 78' lang='lat' dir='ltr'><strong>debuit</strong></span> <span class='ocrx_word' id='word_1_267' title='bbox 805 3815 852 3889; x_wconf 65' lang='lat'><strong><em>7223</em></strong></span> <span class='ocrx_word' id='word_1_268' title='bbox 875 3820 928 3878; x_wconf 69' lang='grc' dir='ltr'><strong><em>οδε,</em></strong></span> <span class='ocrx_word' id='word_1_269' title='bbox 941 3821 997 3876; x_wconf 56' lang='lat' dir='ltr'><strong><em>Um.</em></strong></span> <span class='ocrx_word' id='word_1_270' title='bbox 1009 3827 1062 3874; x_wconf 66' lang='grc' dir='ltr'><strong><em>Ἃ.</em></strong></span> 
     </span>
    </p>
   </div>
   <div class='ocr_carea' id='block_1_6' title="bbox 109 3915 937 3975">
    <p class='ocr_par' dir='ltr' id='par_1_9' title="bbox 109 3915 937 3975">
     <span class='ocr_line' id='line_1_33' title="bbox 109 3915 937 3975; baseline 0.024 -22"><span class='ocrx_word' id='word_1_271' title='bbox 109 3915 438 3971; x_wconf 72' lang='lat' dir='ltr'><strong><em>Euelldou‚edd.H01ber3</em></strong></span> <span class='ocrx_word' id='word_1_272' title='bbox 456 3921 479 3961; x_wconf 78' lang='grc' dir='ltr'><strong><em>ελ</em></strong></span> <span class='ocrx_word' id='word_1_273' title='bbox 491 3918 586 3975; x_wconf 62' lang='lat' dir='ltr'><strong>Mense.</strong></span> <span class='ocrx_word' id='word_1_274' title='bbox 607 3922 639 3965; x_wconf 68' lang='lat' dir='ltr'><strong><em>Y.</em></strong></span> <span class='ocrx_word' id='word_1_275' title='bbox 893 3916 937 3966; x_wconf 53' lang='grc' dir='ltr'><strong>Ἃ</strong></span> 
     </span>
    </p>
   </div>
   <div class='ocr_carea' id='block_1_7' title="bbox 0 0 1212 4236">
    <p class='ocr_par' dir='ltr' id='par_1_10' title="bbox 0 0 1212 4236">
     <span class='ocr_line' id='line_1_34' title="bbox 0 0 1212 4236; baseline 0 2"><span class='ocrx_word' id='word_1_276' title='bbox 0 0 1212 4236; x_wconf 95' lang='lat' dir='ltr'><strong><em> </em></strong></span> 
     </span>
    </p>
   </div>
  </div>
 </body>
</html>
