2414 4236
248 508 406 562 scflom
422 511 462 562 m
479 508 754 562 ELEMENTORUM
771 509 911 562 LIBRUM
923 511 945 563 I.
1033 506 1098 571 113

82 653 191 736 ἐστιν,
223 647 299 717 ἀλλ’
324 653 356 717 εί
381 647 444 736 μὲν
471 646 711 737 εὐθύγραμμος
741 657 810 736 εἴη,
842 649 975 730 πάντως
1008 649 1097 740 ὀρθὴ

83 761 191 843 ἔσται,
224 755 396 825 δύνασθαι
428 757 468 823 δέ
494 775 601 842 φησιν
629 753 647 824 ὀ
671 754 813 835 Πάππος
842 757 897 823 καὶ
920 759 1097 845 περιφερό-

84 887 239 951 γραμμον
272 867 402 948 γωνίαν
434 869 512 948 ίσην
546 859 635 950 ὀρθῇ
669 865 860 949 δειχθῆναι,
891 864 947 930 καὶ
981 868 1097 950 δῆλον,

85 966 132 1048 ὡς
154 966 264 1037 ούκίτι
287 966 351 1055 τὴν
373 967 535 1055 τοιαύτην
559 966 671 1057 ὀρθὴν
694 965 782 1036 εἶναι
806 970 976 1038 δύνασθαι
996 991 1097 1057 προσ-

84 1075 320 1162 αγορεύσομεν.
1134 1099 1150 1148 ο

404 1201 459 1265 Ad
483 1201 725 1285 postulatum
749 1201 778 1265 5.

150 1327 203 1392 14.
225 1326 334 1391 Τοῦτο
350 1321 368 1390 ὀ
383 1323 538 1407 Πρόκλος
551 1321 712 1409 θεώρημα
726 1321 813 1390 εἶναι
827 1328 955 1391 τίθεται
970 1328 1099 1411 μᾶλλον

83 1432 222 1497 πολλῶν
244 1432 472 1516 παραμυθιοῖν
496 1428 668 1514 δεόμενον.

154 1538 206 1603 15.
229 1535 296 1602 Καὶ
311 1536 370 1603 ἐὰν
384 1539 431 1616 είς
445 1534 509 1603 δύο
525 1532 661 1615 εὐθείας
674 1536 729 1602 καὶ
742 1535 783 1602 τὰ
804 1537 889 1622 ἑξῆς
909 1534 927 1603 ὁ
943 1536 1099 1625 Πρόκλος

84 1635 130 1708 ού
152 1640 258 1726 φησὶν
278 1643 377 1709 τοῦτο
401 1650 522 1727 αἴτημα
552 1639 654 1727 εἶναι,
682 1637 768 1709 ἀλλὰ
790 1642 951 1730 θεάρημα
974 1642 1100 1723 πολλάς
1119 1667 1152 1716 10

83 1742 230 1832 άπορίας
251 1745 490 1834 ἐπιδεχόμενον
517 1746 573 1813 καὶ
601 1749 736 1815 πολλῶν
764 1752 810 1828 είς
842 1746 1014 1830 ἀπόδειξιν
1048 1754 1098 1818 δε·

84 1852 210 1939 όμενον
232 1853 290 1920 καὶ
314 1851 404 1939 ὅρων
432 1853 488 1920 καὶ
516 1853 763 1941 θεωρημάτων,
795 1855 851 1921 καὶ
878 1853 917 1922 τό
944 1882 982 1942 γε
1010 1854 1097 1924 άντι-

84 1960 247 2045 στρίφον,
271 1965 390 2046 φησίν,
416 1957 461 2038 ὡς
482 1958 643 2046 θεώρημα
667 1963 839 2028 δείκνυσιν
862 1960 880 2029 ό
906 1961 1098 2050 Εὐκλείδης.

84 2061 125 2131 τδ
138 2061 202 2150 γάρ
215 2060 459 2151 ἠλαττωμίυων
477 2067 545 2132 τῶν
560 2062 677 2150 ὀρθῶν
692 2065 868 2134 συννεύειν
886 2066 945 2147 τὰς
963 2069 1098 2150 εὐθείας

85 2167 213 2256 ἀληθὲς
234 2169 290 2237 καί
313 2166 515 2256 άναγκαϊον,
542 2170 580 2238 τὸ
604 2173 641 2239 δὲ
666 2171 897 2251 συννενούσας
920 2174 972 2241 ἐπὶ
995 2177 1098 2243 πλέον
1118 2198 1151 2246 ισ

84 2278 123 2345 ἐν
143 2279 190 2367 τῷ
213 2275 436 2362 ἐκβάλλεσθαι
460 2283 707 2363 συμπεσεῖσθαί
727 2300 806 2344 ποτε
829 2278 994 2364 πιθανόν,
1021 2279 1096 2348 ἀλλ’

85 2381 149 2453 ούκ
171 2379 364 2469 άναγκατον.

151 2488 256 2556 ταῦτά
276 2490 344 2556 ἐστι
362 2485 402 2555 τά
420 2487 503 2555 κατὰ
524 2487 651 2567 πάντας
668 2486 895 2556 ἀναπόδεικτα
908 2490 1100 2576 καλούμενα

84 2591 267 2682 άξιιύματα,
285 2591 365 2661 καθ’
382 2591 464 2662 ὅσον
483 2591 550 2662 ὑπὸ
563 2594 700 2664 πάντων
715 2593 820 2676 οὕτως
834 2601 921 2684 ἔχειν
936 2594 1099 2684 άξιοῦται,

84 2700 141 2770 καὶ
156 2703 397 2786 διαμφισβητεῑ
407 2698 491 2784 πρὸς
503 2703 608 2768 ταῦτα
628 2698 749 2781 ούδείς.
786 2702 946 2784 πολλάκις
959 2703 1020 2791 μὲν
1034 2703 1100 2792 γὰρ
1119 2727 1153 2776 20

84 2806 140 2875 καὶ
163 2804 225 2886 τὰς
247 2804 423 2892 προτάσεις
446 2804 559 2886 ἁπλῶς
586 2805 754 2894 ἀξιώματα
781 2814 959 2894 καλοῦσιν,
987 2808 1104 2879 ὁποῖαί

84 2909 159 2982 ποτ’
185 2909 230 2980 άν
258 2903 343 2980 ιόσιν
370 2920 436 2980 είτε
468 2911 587 2999 άμεσοι
619 2920 741 3000 κυρίως
769 2923 833 2983 εἴτε
860 2916 916 2982 καὶ
945 2918 1104 3002 δεόμεναί

84 3045 178 3100 τινος
195 3015 425 3105 ὑπομνήσεως.
461 3018 550 3099 τινὲς
565 3018 602 3087 δὲ
615 3017 680 3087 άπὸ
696 3025 763 3088 τῶν
778 3019 890 3088 ἄλλων
904 3021 1101 3103 προτάσεων

86 3129 317 3213 διακρίνοντες
335 3123 373 3194 τὸ
393 3123 521 3213 ἀξίωμα
539 3123 602 3212 τὴν
618 3124 743 3213 άμεσον
762 3127 817 3193 καὶ
832 3122 1032 3194 αύτόπιστον
1053 3125 1097 3195 δι’

85 3233 259 3318 ἐνέργειαν
282 3230 445 3319 πρότασιν
470 3229 576 3312 οὕτως
599 3230 838 3320 ὀνομάζουσιν,
870 3229 980 3316 ὥσπερ
1002 3233 1057 3300 καὶ
1081 3230 1099 3300 ὀ
1119 3256 1153 3305 25

82 3335 312 3426 Ἀριστοτέλης
332 3338 388 3406 καί
412 3342 448 3407 οί
467 3340 651 3428 γεωμέτραι
679 3341 848 3426 λέγουσιν·
884 3334 1008 3407 ταύτὸν
1035 3339 1100 3425 γάρ

85 3445 154 3513 ἐστι
177 3442 262 3513 κατὰ
284 3443 425 3524 τούτους
448 3441 574 3532 άξίωμα
597 3445 652 3512 καὶ
676 3450 792 3514 ἔννοια
819 3444 927 3531 κοινή.
973 3442 990 3514 ὁ
1015 3451 1100 3532 γοῦν

158 3665 201 3713 14.
222 3657 276 3725 V⁸3
295 3655 343 3712 cfr.
362 3655 478 3713 Proclus
496 3676 524 3728 p.
545 3663 605 3727 191,
624 3663 668 3712 22.
743 3663 784 3714 16.
804 3659 835 3714 P.

157 3860 202 3909 14.
221 3848 413 3921 ἠλαττομένον
429 3853 458 3909 Ρ.
523 3859 565 3910 16.
584 3851 731 3913 πειθανόν
750 3854 782 3918 Ρ,
843 3863 891 3920 θη,
905 3854 1070 3934 Ἀρωώηης
1083 3855 1124 3914 P,

131 3948 600 4008 Euclidea,odae1101b013otuonga,
628 3962 654 4004 V.
943 3963 963 4016 8
