<?xml version="1.0" encoding="UTF-8"?>
<!DOCTYPE html PUBLIC "-//W3C//DTD XHTML 1.0 Transitional//EN"
    "http://www.w3.org/TR/xhtml1/DTD/xhtml1-transitional.dtd">
<html xmlns="http://www.w3.org/1999/xhtml" xml:lang="en" lang="en">
 <head>
  <title>
</title>
<meta http-equiv="Content-Type" content="text/html;charset=utf-8" />
  <meta name='ocr-system' content='tesseract 3.04.00' />
  <meta name='ocr-capabilities' content='ocr_page ocr_carea ocr_par ocr_line ocrx_word'/>
</head>
<body>
  <div class='ocr_page' id='page_1' title='image "./euclidisoperaom10unkngoog_0330.png"; bbox 0 0 2414 4236; ppageno 0'>
   <div class='ocr_carea' id='block_1_1' title="bbox 221 455 1071 522">
    <p class='ocr_par' dir='ltr' id='par_1_1' title="bbox 221 455 1071 522">
     <span class='ocr_line' id='line_1_1' title="bbox 221 455 1071 522; baseline 0 -14"><span class='ocrx_word' id='word_1_1' title='bbox 221 457 377 509; x_wconf 74' lang='lat' dir='ltr'><strong>scnom</strong></span> <span class='ocrx_word' id='word_1_2' title='bbox 395 457 434 508; x_wconf 83' lang='lat' dir='ltr'><strong><em>IN</em></strong></span> <span class='ocrx_word' id='word_1_3' title='bbox 453 455 728 508; x_wconf 77' lang='lat' dir='ltr'><strong>ELEMENTORUM</strong></span> <span class='ocrx_word' id='word_1_4' title='bbox 746 455 885 508; x_wconf 80' lang='lat' dir='ltr'><strong>LIBRUM</strong></span> <span class='ocrx_word' id='word_1_5' title='bbox 899 457 920 509; x_wconf 93' lang='lat'><strong><em>1.</em></strong></span> <span class='ocrx_word' id='word_1_6' title='bbox 1008 455 1071 522; x_wconf 84' lang='grc'><strong><em>201</em></strong></span> 
     </span>
    </p>
   </div>
   <div class='ocr_carea' id='block_1_2' title="bbox 57 593 1165 3024">
    <p class='ocr_par' dir='ltr' id='par_1_2' title="bbox 58 593 1074 773">
     <span class='ocr_line' id='line_1_2' title="bbox 58 593 1074 686; baseline 0.002 -20"><span class='ocrx_word' id='word_1_7' title='bbox 58 597 213 685; x_wconf 88' lang='grc' dir='ltr'><strong><em>αλλήλων</em></strong></span> <span class='ocrx_word' id='word_1_8' title='bbox 249 597 306 665; x_wconf 80' lang='grc' dir='ltr'><strong><em>καλ</em></strong></span> <span class='ocrx_word' id='word_1_9' title='bbox 343 599 380 663; x_wconf 86' lang='grc' dir='ltr'><strong><em>αί</em></strong></span> <span class='ocrx_word' id='word_1_10' title='bbox 417 595 692 682; x_wconf 77' lang='grc' dir='ltr'><strong><em>ἐπιζευγνύουσαι</em></strong></span> <span class='ocrx_word' id='word_1_11' title='bbox 729 593 833 675; x_wconf 84' lang='grc' dir='ltr'><strong><em>αὐτάς</em></strong></span> <span class='ocrx_word' id='word_1_12' title='bbox 868 597 1074 686; x_wconf 89' lang='grc' dir='ltr'><strong><em>παράλληλοι</em></strong></span> 
     </span>
     <span class='ocr_line' id='line_1_3' title="bbox 58 710 201 773; baseline -0.007 0"><span class='ocrx_word' id='word_1_13' title='bbox 58 710 201 773; x_wconf 80' lang='grc' dir='ltr'><strong><em>ἔσονται.</em></strong></span> 
     </span>
    </p>

    <p class='ocr_par' dir='ltr' id='par_1_3' title="bbox 57 807 1165 3024">
     <span class='ocr_line' id='line_1_4' title="bbox 130 807 1074 897; baseline -0.001 -17"><span class='ocrx_word' id='word_1_14' title='bbox 130 814 203 880; x_wconf 79' lang='grc'>134,</span> <span class='ocrx_word' id='word_1_15' title='bbox 225 807 402 896; x_wconf 74' lang='grc' dir='ltr'><strong><em>’Ἐστιμλν</em></strong></span> <span class='ocrx_word' id='word_1_16' title='bbox 421 807 538 895; x_wconf 79' lang='grc' dir='ltr'><strong><em>δήκαὶ</em></strong></span> <span class='ocrx_word' id='word_1_17' title='bbox 560 808 597 876; x_wconf 87' lang='grc' dir='ltr'><strong><em>τὸ</em></strong></span> <span class='ocrx_word' id='word_1_18' title='bbox 620 807 783 896; x_wconf 84' lang='grc' dir='ltr'><strong><em>θεώρημα</em></strong></span> <span class='ocrx_word' id='word_1_19' title='bbox 805 813 905 878; x_wconf 85' lang='grc' dir='ltr'><strong><em>τοῦτο</em></strong></span> <span class='ocrx_word' id='word_1_20' title='bbox 923 810 1074 897; x_wconf 88' lang='grc' dir='ltr'><strong><em>τοπικόν,</em></strong></span> 
     </span>
     <span class='ocr_line' id='line_1_5' title="bbox 60 914 1074 1006; baseline 0.001 -21"><span class='ocrx_word' id='word_1_21' title='bbox 60 923 199 1006; x_wconf 80' lang='grc' dir='ltr'><strong><em>μίγνυσι</em></strong></span> <span class='ocrx_word' id='word_1_22' title='bbox 214 915 253 984; x_wconf 70' lang='grc' dir='ltr'><strong><em>δὲ</em></strong></span> <span class='ocrx_word' id='word_1_23' title='bbox 265 914 442 1002; x_wconf 74' lang='grc' dir='ltr'><strong><em>τριγώνων</em></strong></span> <span class='ocrx_word' id='word_1_24' title='bbox 455 915 512 982; x_wconf 80' lang='grc' dir='ltr'><strong><em>καλ</em></strong></span> <span class='ocrx_word' id='word_1_25' title='bbox 525 914 883 1002; x_wconf 77' lang='grc' dir='ltr'><strong><em>παραλληλογράμμων</em></strong></span> <span class='ocrx_word' id='word_1_26' title='bbox 897 917 1074 998; x_wconf 78' lang='grc' dir='ltr'><strong><em>συστάσεις</em></strong></span> 
     </span>
     <span class='ocr_line' id='line_1_6' title="bbox 58 1013 1165 1112; baseline -0.002 -19"><span class='ocrx_word' id='word_1_27' title='bbox 58 1021 124 1093; x_wconf 81' lang='grc' dir='ltr'><strong><em>ὑπὸ</em></strong></span> <span class='ocrx_word' id='word_1_28' title='bbox 143 1022 180 1092; x_wconf 85' lang='grc' dir='ltr'><strong><em>τὸ</em></strong></span> <span class='ocrx_word' id='word_1_29' title='bbox 200 1021 284 1091; x_wconf 83' lang='grc' dir='ltr'><strong><em>αὐτὸ</em></strong></span> <span class='ocrx_word' id='word_1_30' title='bbox 300 1022 387 1103; x_wconf 74' lang='grc' dir='ltr'><strong><em>ὕψος</em></strong></span> <span class='ocrx_word' id='word_1_31' title='bbox 401 1023 576 1108; x_wconf 76' lang='grc' dir='ltr'><strong><em>κειμένων.</em></strong></span> <span class='ocrx_word' id='word_1_32' title='bbox 607 1019 718 1106; x_wconf 78' lang='grc' dir='ltr'><strong><em>ὥσπερ</em></strong></span> <span class='ocrx_word' id='word_1_33' title='bbox 733 1013 796 1089; x_wconf 81' lang='grc' dir='ltr'><strong><em>οὖν</em></strong></span> <span class='ocrx_word' id='word_1_34' title='bbox 809 1018 850 1089; x_wconf 91' lang='grc' dir='ltr'><strong><em>τά</em></strong></span> <span class='ocrx_word' id='word_1_35' title='bbox 864 1024 1072 1112; x_wconf 90' lang='grc' dir='ltr'><strong><em>παραλληλό-</em></strong></span> <span class='ocrx_word' id='word_1_36' title='bbox 1092 1051 1109 1100; x_wconf 80' lang='lat'><strong>5</strong></span> <span class='ocrx_word' id='word_1_37' title='bbox 1161 1084 1165 1091; x_wconf 94' lang='lat'>.</span> 
     </span>
     <span class='ocr_line' id='line_1_7' title="bbox 57 1120 1072 1219; baseline 0 -21"><span class='ocrx_word' id='word_1_38' title='bbox 57 1156 194 1218; x_wconf 89' lang='grc' dir='ltr'><strong><em>γραμμα</em></strong></span> <span class='ocrx_word' id='word_1_39' title='bbox 216 1129 319 1216; x_wconf 78' lang='grc' dir='ltr'><strong><em>χωρίς</em></strong></span> <span class='ocrx_word' id='word_1_40' title='bbox 342 1127 555 1213; x_wconf 75' lang='grc' dir='ltr'><strong><em>ἐθεασάμεθα</em></strong></span> <span class='ocrx_word' id='word_1_41' title='bbox 577 1128 635 1194; x_wconf 81' lang='grc' dir='ltr'><strong><em>καὶ</em></strong></span> <span class='ocrx_word' id='word_1_42' title='bbox 657 1120 702 1194; x_wconf 84' lang='grc' dir='ltr'><strong><em>αὖ</em></strong></span> <span class='ocrx_word' id='word_1_43' title='bbox 724 1127 826 1196; x_wconf 91' lang='grc' dir='ltr'><strong><em>πάλιν</em></strong></span> <span class='ocrx_word' id='word_1_44' title='bbox 848 1127 889 1198; x_wconf 84' lang='grc' dir='ltr'><strong><em>τὰ</em></strong></span> <span class='ocrx_word' id='word_1_45' title='bbox 913 1137 1072 1219; x_wconf 87' lang='grc' dir='ltr'><strong><em>τρίγωνα,</em></strong></span> 
     </span>
     <span class='ocr_line' id='line_1_8' title="bbox 60 1231 1074 1322; baseline 0.001 -17"><span class='ocrx_word' id='word_1_46' title='bbox 60 1234 148 1305; x_wconf 82' lang='grc' dir='ltr'><strong><em>οὕτω</em></strong></span> <span class='ocrx_word' id='word_1_47' title='bbox 172 1235 229 1303; x_wconf 80' lang='grc' dir='ltr'><strong><em>καὶ</em></strong></span> <span class='ocrx_word' id='word_1_48' title='bbox 252 1232 321 1322; x_wconf 86' lang='grc' dir='ltr'><strong><em>ἀμα</em></strong></span> <span class='ocrx_word' id='word_1_49' title='bbox 343 1232 516 1321; x_wconf 87' lang='grc' dir='ltr'><strong><em>ἀμφότερα</em></strong></span> <span class='ocrx_word' id='word_1_50' title='bbox 539 1231 700 1320; x_wconf 75' lang='grc' dir='ltr'><strong><em>λαβόντες</em></strong></span> <span class='ocrx_word' id='word_1_51' title='bbox 717 1233 841 1304; x_wconf 81' lang='grc' dir='ltr'><strong><em>ταύτὸν</em></strong></span> <span class='ocrx_word' id='word_1_52' title='bbox 861 1238 1001 1318; x_wconf 79' lang='grc' dir='ltr'><strong><em>ἐκείνοις</em></strong></span> <span class='ocrx_word' id='word_1_53' title='bbox 1019 1263 1074 1306; x_wconf 90' lang='grc' dir='ltr'><strong><em>πε-</em></strong></span> 
     </span>
     <span class='ocr_line' id='line_1_9' title="bbox 59 1337 1074 1431; baseline 0.003 -22"><span class='ocrx_word' id='word_1_54' title='bbox 59 1342 214 1412; x_wconf 85' lang='grc' dir='ltr'><strong><em>πονθότα</em></strong></span> <span class='ocrx_word' id='word_1_55' title='bbox 232 1338 294 1409; x_wconf 88' lang='grc' dir='ltr'><strong><em>τὸν</em></strong></span> <span class='ocrx_word' id='word_1_56' title='bbox 311 1339 427 1426; x_wconf 86' lang='grc' dir='ltr'><strong><em>λόγον,</em></strong></span> <span class='ocrx_word' id='word_1_57' title='bbox 447 1337 488 1408; x_wconf 80' lang='grc' dir='ltr'><strong><em>ὃν</em></strong></span> <span class='ocrx_word' id='word_1_58' title='bbox 503 1344 568 1427; x_wconf 78' lang='grc' dir='ltr'><strong><em>ἔχει</em></strong></span> <span class='ocrx_word' id='word_1_59' title='bbox 582 1338 665 1425; x_wconf 89' lang='grc' dir='ltr'><strong><em>πρὸς</em></strong></span> <span class='ocrx_word' id='word_1_60' title='bbox 679 1339 818 1428; x_wconf 87' lang='grc' dir='ltr'><strong><em>ἀλληλα,</em></strong></span> <span class='ocrx_word' id='word_1_61' title='bbox 836 1343 1074 1431; x_wconf 72' lang='grc' dir='ltr'><strong><em>θεωρήσωμεν.</em></strong></span> 
     </span>
     <span class='ocr_line' id='line_1_10' title="bbox 58 1439 1072 1535; baseline 0.001 -19"><span class='ocrx_word' id='word_1_62' title='bbox 58 1447 109 1517; x_wconf 79' lang='grc' dir='ltr'><strong><em>ἐπ’</em></strong></span> <span class='ocrx_word' id='word_1_63' title='bbox 127 1450 266 1516; x_wconf 79' lang='grc' dir='ltr'><strong><em>ἐκείνων</em></strong></span> <span class='ocrx_word' id='word_1_64' title='bbox 284 1447 345 1535; x_wconf 74' lang='grc' dir='ltr'><strong><em>μὲν</em></strong></span> <span class='ocrx_word' id='word_1_65' title='bbox 365 1439 428 1515; x_wconf 84' lang='grc' dir='ltr'><strong><em>οὖν</em></strong></span> <span class='ocrx_word' id='word_1_66' title='bbox 448 1443 466 1513; x_wconf 83' lang='grc' dir='ltr'>ὁ</span> <span class='ocrx_word' id='word_1_67' title='bbox 485 1450 544 1531; x_wconf 85' lang='grc' dir='ltr'><strong><em>τής</em></strong></span> <span class='ocrx_word' id='word_1_68' title='bbox 558 1446 711 1532; x_wconf 80' lang='grc' dir='ltr'><strong><em>ἰσότητος</em></strong></span> <span class='ocrx_word' id='word_1_69' title='bbox 724 1444 946 1534; x_wconf 83' lang='grc' dir='ltr'><strong><em>ἀναφαίνεται</em></strong></span> <span class='ocrx_word' id='word_1_70' title='bbox 960 1450 1072 1535; x_wconf 86' lang='grc' dir='ltr'><strong><em>λόγος·</em></strong></span> 
     </span>
     <span class='ocr_line' id='line_1_11' title="bbox 59 1545 1127 1642; baseline 0.005 -19"><span class='ocrx_word' id='word_1_71' title='bbox 59 1557 171 1624; x_wconf 89' lang='grc' dir='ltr'><strong><em>πάντα</em></strong></span> <span class='ocrx_word' id='word_1_72' title='bbox 193 1555 257 1641; x_wconf 86' lang='grc' dir='ltr'><strong><em>γάρ</em></strong></span> <span class='ocrx_word' id='word_1_73' title='bbox 278 1545 322 1640; x_wconf 88' lang='grc' dir='ltr'><strong><em>ήυ</em></strong></span> <span class='ocrx_word' id='word_1_74' title='bbox 341 1562 397 1621; x_wconf 82' lang='grc' dir='ltr'><strong><em>ίσα</em></strong></span> <span class='ocrx_word' id='word_1_75' title='bbox 417 1550 575 1638; x_wconf 88' lang='grc' dir='ltr'><strong><em>ἀλλήλοις</em></strong></span> <span class='ocrx_word' id='word_1_76' title='bbox 592 1549 632 1619; x_wconf 81' lang='grc' dir='ltr'><strong><em>τὰ</em></strong></span> <span class='ocrx_word' id='word_1_77' title='bbox 652 1553 704 1621; x_wconf 79' lang='grc' dir='ltr'><strong><em>ἐπὶ</em></strong></span> <span class='ocrx_word' id='word_1_78' title='bbox 722 1558 792 1622; x_wconf 89' lang='grc' dir='ltr'><strong><em>τών</em></strong></span> <span class='ocrx_word' id='word_1_79' title='bbox 810 1553 922 1624; x_wconf 77' lang='grc' dir='ltr'><strong><em>αὐτῶν</em></strong></span> <span class='ocrx_word' id='word_1_80' title='bbox 940 1554 1073 1642; x_wconf 89' lang='grc' dir='ltr'><strong><em>βάσεων</em></strong></span> <span class='ocrx_word' id='word_1_81' title='bbox 1094 1581 1127 1631; x_wconf 86' lang='lat'><strong><em>10</em></strong></span> 
     </span>
     <span class='ocr_line' id='line_1_12' title="bbox 58 1657 1074 1748; baseline -0.001 -18"><span class='ocrx_word' id='word_1_82' title='bbox 58 1672 124 1730; x_wconf 74' lang='grc' dir='ltr'><strong><em>εἴτε</em></strong></span> <span class='ocrx_word' id='word_1_83' title='bbox 142 1666 289 1748; x_wconf 83' lang='grc' dir='ltr'><strong><em>τρίγωνα</em></strong></span> <span class='ocrx_word' id='word_1_84' title='bbox 307 1669 372 1727; x_wconf 75' lang='grc' dir='ltr'><strong><em>εἴτε</em></strong></span> <span class='ocrx_word' id='word_1_85' title='bbox 390 1657 719 1747; x_wconf 89' lang='grc' dir='ltr'><strong><em>παραλληλόγραμμα</em></strong></span> <span class='ocrx_word' id='word_1_86' title='bbox 736 1661 793 1728; x_wconf 79' lang='grc' dir='ltr'><strong><em>καὶ</em></strong></span> <span class='ocrx_word' id='word_1_87' title='bbox 812 1663 849 1729; x_wconf 79' lang='grc' dir='ltr'><strong><em>ἐν</em></strong></span> <span class='ocrx_word' id='word_1_88' title='bbox 866 1675 939 1742; x_wconf 78' lang='grc' dir='ltr'><strong><em>ταῖς</em></strong></span> <span class='ocrx_word' id='word_1_89' title='bbox 958 1661 1074 1742; x_wconf 81' lang='grc' dir='ltr'><strong><em>αὐταῖς</em></strong></span> 
     </span>
     <span class='ocr_line' id='line_1_13' title="bbox 59 1763 1073 1856; baseline -0.002 -18"><span class='ocrx_word' id='word_1_90' title='bbox 59 1766 142 1838; x_wconf 82' lang='grc' dir='ltr'><strong><em>ὄντα</em></strong></span> <span class='ocrx_word' id='word_1_91' title='bbox 171 1765 404 1853; x_wconf 90' lang='grc' dir='ltr'><strong><em>παραλλήλοις.</em></strong></span> <span class='ocrx_word' id='word_1_92' title='bbox 450 1766 502 1834; x_wconf 66' lang='lat' dir='ltr'><strong><em>luz</em></strong></span> <span class='ocrx_word' id='word_1_93' title='bbox 532 1765 569 1833; x_wconf 73' lang='grc' dir='ltr'><strong><em>δὲ</em></strong></span> <span class='ocrx_word' id='word_1_94' title='bbox 595 1764 728 1834; x_wconf 81' lang='grc' dir='ltr'><strong><em>τούτων</em></strong></span> <span class='ocrx_word' id='word_1_95' title='bbox 756 1763 775 1834; x_wconf 86' lang='grc' dir='ltr'><strong>ὁ</strong></span> <span class='ocrx_word' id='word_1_96' title='bbox 803 1767 986 1856; x_wconf 77' lang='grc' dir='ltr'><strong><em>πρώτιστος</em></strong></span> <span class='ocrx_word' id='word_1_97' title='bbox 1009 1772 1073 1837; x_wconf 79' lang='grc' dir='ltr'><strong><em>θεί-</em></strong></span> 
     </span>
     <span class='ocr_line' id='line_1_14' title="bbox 60 1868 1073 1962; baseline 0 -20"><span class='ocrx_word' id='word_1_98' title='bbox 60 1900 179 1942; x_wconf 85' lang='grc' dir='ltr'><strong><em>ιινυται</em></strong></span> <span class='ocrx_word' id='word_1_99' title='bbox 200 1877 269 1941; x_wconf 84' lang='grc' dir='ltr'><strong><em>τών</em></strong></span> <span class='ocrx_word' id='word_1_100' title='bbox 292 1868 422 1940; x_wconf 90' lang='grc' dir='ltr'><strong><em>ἀνίσων</em></strong></span> <span class='ocrx_word' id='word_1_101' title='bbox 447 1868 464 1940; x_wconf 88' lang='grc' dir='ltr'>ὁ</span> <span class='ocrx_word' id='word_1_102' title='bbox 489 1871 672 1951; x_wconf 74' lang='grc' dir='ltr'><strong><em>διπλάσιος.</em></strong></span> <span class='ocrx_word' id='word_1_103' title='bbox 718 1870 755 1940; x_wconf 82' lang='grc' dir='ltr'><strong><em>τὸ</em></strong></span> <span class='ocrx_word' id='word_1_104' title='bbox 779 1871 844 1962; x_wconf 84' lang='grc' dir='ltr'><strong><em>γὰρ</em></strong></span> <span class='ocrx_word' id='word_1_105' title='bbox 867 1875 1073 1961; x_wconf 91' lang='grc' dir='ltr'><strong><em>παραλληλό-</em></strong></span> 
     </span>
     <span class='ocr_line' id='line_1_15' title="bbox 61 1975 1074 2070; baseline 0.002 -22"><span class='ocrx_word' id='word_1_106' title='bbox 61 2006 216 2068; x_wconf 88' lang='grc' dir='ltr'><strong><em>γραμμον</em></strong></span> <span class='ocrx_word' id='word_1_107' title='bbox 251 1982 313 2048; x_wconf 87' lang='grc' dir='ltr'><strong><em>τοῦ</em></strong></span> <span class='ocrx_word' id='word_1_108' title='bbox 350 1975 519 2063; x_wconf 77' lang='grc' dir='ltr'><strong><em>τριγώνου</em></strong></span> <span class='ocrx_word' id='word_1_109' title='bbox 556 1977 734 2047; x_wconf 78' lang='grc' dir='ltr'><strong><em>διπλάσιον</em></strong></span> <span class='ocrx_word' id='word_1_110' title='bbox 767 1977 983 2051; x_wconf 76' lang='grc' dir='ltr'><strong><em>ἀποδείκνυσι</em></strong></span> <span class='ocrx_word' id='word_1_111' title='bbox 1015 1986 1074 2070; x_wconf 82' lang='grc' dir='ltr'><strong><em>τής</em></strong></span> 
     </span>
     <span class='ocr_line' id='line_1_16' title="bbox 62 2083 1127 2174; baseline 0.005 -19"><span class='ocrx_word' id='word_1_112' title='bbox 62 2083 166 2174; x_wconf 80' lang='grc' dir='ltr'><strong><em>αὐτῆς</em></strong></span> <span class='ocrx_word' id='word_1_113' title='bbox 198 2084 299 2173; x_wconf 80' lang='grc' dir='ltr'><strong><em>οὔσης</em></strong></span> <span class='ocrx_word' id='word_1_114' title='bbox 329 2084 460 2170; x_wconf 87' lang='grc' dir='ltr'><strong><em>βάσεως</em></strong></span> <span class='ocrx_word' id='word_1_115' title='bbox 486 2084 542 2151; x_wconf 80' lang='grc' dir='ltr'><strong><em>καὶ</em></strong></span> <span class='ocrx_word' id='word_1_116' title='bbox 569 2084 678 2165; x_wconf 77' lang='grc' dir='ltr'><strong><em>ὕψους</em></strong></span> <span class='ocrx_word' id='word_1_117' title='bbox 705 2088 767 2153; x_wconf 85' lang='grc' dir='ltr'><strong><em>τοῦ</em></strong></span> <span class='ocrx_word' id='word_1_118' title='bbox 794 2083 909 2155; x_wconf 83' lang='grc' dir='ltr'><strong><em>αὐτοῦ.</em></strong></span> <span class='ocrx_word' id='word_1_119' title='bbox 954 2086 1028 2157; x_wconf 89' lang='grc' dir='ltr'><strong><em>ἀλλ’</em></strong></span> <span class='ocrx_word' id='word_1_120' title='bbox 1055 2085 1127 2161; x_wconf 83' lang='grc' dir='ltr'><strong><em>ὃισ</em></strong></span> 
     </span>
     <span class='ocr_line' id='line_1_17' title="bbox 62 2187 1073 2290; baseline 0.001 -29"><span class='ocrx_word' id='word_1_121' title='bbox 62 2193 124 2281; x_wconf 76' lang='grc' dir='ltr'><strong><em>μὲν</em></strong></span> <span class='ocrx_word' id='word_1_122' title='bbox 143 2190 352 2290; x_wconf 80' lang='grc' dir='ltr'><strong><em>στοιχειωτής</em></strong></span> <span class='ocrx_word' id='word_1_123' title='bbox 370 2187 432 2276; x_wconf 86' lang='grc' dir='ltr'><strong><em>τήν</em></strong></span> <span class='ocrx_word' id='word_1_124' title='bbox 450 2193 513 2256; x_wconf 88' lang='grc' dir='ltr'><strong><em>τοῦ</em></strong></span> <span class='ocrx_word' id='word_1_125' title='bbox 530 2189 699 2273; x_wconf 80' lang='grc' dir='ltr'><strong><em>τριγώνου</em></strong></span> <span class='ocrx_word' id='word_1_126' title='bbox 716 2189 871 2277; x_wconf 85' lang='grc' dir='ltr'><strong><em>κορυφὴν</em></strong></span> <span class='ocrx_word' id='word_1_127' title='bbox 891 2192 981 2273; x_wconf 81' lang='grc' dir='ltr'><strong><em>ἐκτὸς</em></strong></span> <span class='ocrx_word' id='word_1_128' title='bbox 994 2191 1073 2262; x_wconf 83' lang='grc' dir='ltr'><strong><em>ὑπο-</em></strong></span> 
     </span>
     <span class='ocr_line' id='line_1_18' title="bbox 59 2294 1074 2387; baseline -0.003 -18"><span class='ocrx_word' id='word_1_129' title='bbox 59 2300 203 2387; x_wconf 81' lang='grc' dir='ltr'><strong><em>θέμενος</em></strong></span> <span class='ocrx_word' id='word_1_130' title='bbox 215 2302 277 2366; x_wconf 84' lang='grc' dir='ltr'><strong><em>τοῦ</em></strong></span> <span class='ocrx_word' id='word_1_131' title='bbox 290 2294 641 2384; x_wconf 88' lang='grc' dir='ltr'><strong><em>παραλληλογράμμου</em></strong></span> <span class='ocrx_word' id='word_1_132' title='bbox 654 2294 692 2363; x_wconf 82' lang='grc' dir='ltr'><strong><em>τὸ</em></strong></span> <span class='ocrx_word' id='word_1_133' title='bbox 706 2302 927 2383; x_wconf 84' lang='grc' dir='ltr'><strong><em>προκείμενον</em></strong></span> <span class='ocrx_word' id='word_1_134' title='bbox 939 2301 1074 2383; x_wconf 76' lang='grc' dir='ltr'><strong><em>ἔδειξεν,</em></strong></span> 
     </span>
     <span class='ocr_line' id='line_1_19' title="bbox 60 2391 1074 2493; baseline -0.001 -20"><span class='ocrx_word' id='word_1_135' title='bbox 60 2405 154 2493; x_wconf 80' lang='grc' dir='ltr'><strong><em>ἡμεῖς</em></strong></span> <span class='ocrx_word' id='word_1_136' title='bbox 172 2404 209 2472; x_wconf 73' lang='grc' dir='ltr'><strong><em>δὲ</em></strong></span> <span class='ocrx_word' id='word_1_137' title='bbox 229 2405 282 2473; x_wconf 79' lang='grc' dir='ltr'><strong><em>ἐπὶ</em></strong></span> <span class='ocrx_word' id='word_1_138' title='bbox 300 2406 359 2489; x_wconf 78' lang='grc' dir='ltr'><strong><em>τῆς</em></strong></span> <span class='ocrx_word' id='word_1_139' title='bbox 372 2399 485 2488; x_wconf 74' lang='grc' dir='ltr'><strong><em>ἑτέρας</em></strong></span> <span class='ocrx_word' id='word_1_140' title='bbox 499 2400 606 2488; x_wconf 83' lang='grc' dir='ltr'><strong><em>αὐτήν</em></strong></span> <span class='ocrx_word' id='word_1_141' title='bbox 620 2401 780 2488; x_wconf 81' lang='grc' dir='ltr'><strong><em>λαβόντες</em></strong></span> <span class='ocrx_word' id='word_1_142' title='bbox 792 2391 853 2470; x_wconf 74' lang='grc' dir='ltr'><strong><em>τοῦ</em></strong></span> <span class='ocrx_word' id='word_1_143' title='bbox 866 2410 1074 2490; x_wconf 88' lang='grc' dir='ltr'><strong><em>παραλληλο-</em></strong></span> 
     </span>
     <span class='ocr_line' id='line_1_20' title="bbox 59 2507 1074 2602; baseline -0.003 -21"><span class='ocrx_word' id='word_1_144' title='bbox 59 2512 217 2602; x_wconf 91' lang='grc' dir='ltr'><strong><em>γράμμου</em></strong></span> <span class='ocrx_word' id='word_1_145' title='bbox 230 2513 376 2598; x_wconf 85' lang='grc' dir='ltr'><strong><em>πλευρᾶς</em></strong></span> <span class='ocrx_word' id='word_1_146' title='bbox 388 2512 446 2595; x_wconf 77' lang='grc' dir='ltr'><strong><em>τῆς</em></strong></span> <span class='ocrx_word' id='word_1_147' title='bbox 460 2507 677 2596; x_wconf 85' lang='grc' dir='ltr'><strong><em>παραλλήλου</em></strong></span> <span class='ocrx_word' id='word_1_148' title='bbox 690 2511 730 2596; x_wconf 77' lang='grc' dir='ltr'><strong><em>τῇ</em></strong></span> <span class='ocrx_word' id='word_1_149' title='bbox 744 2513 840 2597; x_wconf 77' lang='grc' dir='ltr'><strong><em>κοινῇ</em></strong></span> <span class='ocrx_word' id='word_1_150' title='bbox 852 2508 964 2578; x_wconf 79' lang='grc' dir='ltr'><strong><em>αὐτῶν</em></strong></span> <span class='ocrx_word' id='word_1_151' title='bbox 977 2509 1074 2596; x_wconf 89' lang='grc' dir='ltr'><strong><em>βάσει</em></strong></span> 
     </span>
     <span class='ocr_line' id='line_1_21' title="bbox 60 2607 1129 2706; baseline 0 -18"><span class='ocrx_word' id='word_1_152' title='bbox 60 2616 98 2688; x_wconf 89' lang='grc' dir='ltr'><strong><em>τὸ</em></strong></span> <span class='ocrx_word' id='word_1_153' title='bbox 118 2616 201 2686; x_wconf 83' lang='grc' dir='ltr'><strong><em>αὐτὸ</em></strong></span> <span class='ocrx_word' id='word_1_154' title='bbox 222 2615 451 2701; x_wconf 80' lang='grc' dir='ltr'><strong><em>ἀποδείξομεν.</em></strong></span> <span class='ocrx_word' id='word_1_155' title='bbox 486 2613 548 2682; x_wconf 77' lang='grc' dir='ltr'><strong><em>δύο</em></strong></span> <span class='ocrx_word' id='word_1_156' title='bbox 568 2613 632 2701; x_wconf 89' lang='grc' dir='ltr'><strong><em>γάρ</em></strong></span> <span class='ocrx_word' id='word_1_157' title='bbox 652 2607 751 2683; x_wconf 81' lang='grc' dir='ltr'><strong><em>αὗται</em></strong></span> <span class='ocrx_word' id='word_1_158' title='bbox 772 2620 834 2684; x_wconf 84' lang='grc' dir='ltr'><strong><em>τοῦ</em></strong></span> <span class='ocrx_word' id='word_1_159' title='bbox 856 2616 1075 2706; x_wconf 85' lang='grc' dir='ltr'><strong><em>θεωρήματός</em></strong></span> <span class='ocrx_word' id='word_1_160' title='bbox 1093 2639 1129 2689; x_wconf 80' lang='lat'><strong><em>20</em></strong></span> 
     </span>
     <span class='ocr_line' id='line_1_22' title="bbox 61 2718 1075 2810; baseline -0.001 -17"><span class='ocrx_word' id='word_1_161' title='bbox 61 2729 126 2794; x_wconf 78' lang='grc' dir='ltr'><strong><em>εἰσι</em></strong></span> <span class='ocrx_word' id='word_1_162' title='bbox 149 2723 291 2802; x_wconf 79' lang='grc' dir='ltr'><strong><em>πτώσεις</em></strong></span> <span class='ocrx_word' id='word_1_163' title='bbox 314 2720 452 2805; x_wconf 86' lang='grc' dir='ltr'><strong><em>σκοπός,</em></strong></span> <span class='ocrx_word' id='word_1_164' title='bbox 477 2718 590 2807; x_wconf 75' lang='grc' dir='ltr'><strong><em>ἐπειδή</em></strong></span> <span class='ocrx_word' id='word_1_165' title='bbox 612 2725 671 2806; x_wconf 86' lang='grc' dir='ltr'><strong><em>τής</em></strong></span> <span class='ocrx_word' id='word_1_166' title='bbox 694 2719 798 2808; x_wconf 82' lang='grc' dir='ltr'><strong><em>αὐτῆς</em></strong></span> <span class='ocrx_word' id='word_1_167' title='bbox 819 2721 948 2808; x_wconf 85' lang='grc' dir='ltr'><strong><em>βάσεως</em></strong></span> <span class='ocrx_word' id='word_1_168' title='bbox 972 2722 1075 2810; x_wconf 75' lang='grc' dir='ltr'><strong><em>οὔσης</em></strong></span> 
     </span>
     <span class='ocr_line' id='line_1_23' title="bbox 59 2826 1073 2918; baseline -0.001 -19"><span class='ocrx_word' id='word_1_169' title='bbox 59 2829 190 2918; x_wconf 78' lang='grc' dir='ltr'><strong><em>ἀμφοῖν</em></strong></span> <span class='ocrx_word' id='word_1_170' title='bbox 213 2826 235 2915; x_wconf 86' lang='grc' dir='ltr'><strong><em>ή</em></strong></span> <span class='ocrx_word' id='word_1_171' title='bbox 254 2827 349 2907; x_wconf 81' lang='grc' dir='ltr'><strong><em>ἐντὸς</em></strong></span> <span class='ocrx_word' id='word_1_172' title='bbox 366 2831 429 2896; x_wconf 85' lang='grc' dir='ltr'><strong><em>τοῦ</em></strong></span> <span class='ocrx_word' id='word_1_173' title='bbox 447 2826 795 2914; x_wconf 89' lang='grc' dir='ltr'><strong><em>παραλληλογράμμου</em></strong></span> <span class='ocrx_word' id='word_1_174' title='bbox 812 2829 966 2917; x_wconf 83' lang='grc' dir='ltr'><strong><em>κορυφήν</em></strong></span> <span class='ocrx_word' id='word_1_175' title='bbox 986 2835 1073 2918; x_wconf 79' lang='grc' dir='ltr'><strong><em>ἔχειν</em></strong></span> 
     </span>
     <span class='ocr_line' id='line_1_24' title="bbox 59 2929 610 3024; baseline -0.011 -18"><span class='ocrx_word' id='word_1_176' title='bbox 59 2933 189 3024; x_wconf 86' lang='grc' dir='ltr'><strong><em>ἀνάγκη</em></strong></span> <span class='ocrx_word' id='word_1_177' title='bbox 213 2933 251 3004; x_wconf 89' lang='grc' dir='ltr'><strong><em>τὸ</em></strong></span> <span class='ocrx_word' id='word_1_178' title='bbox 274 2940 440 3024; x_wconf 85' lang='grc' dir='ltr'><strong><em>τρίγωνον</em></strong></span> <span class='ocrx_word' id='word_1_179' title='bbox 464 2929 484 3018; x_wconf 80' lang='grc' dir='ltr'>ἢ</span> <span class='ocrx_word' id='word_1_180' title='bbox 509 2932 610 3012; x_wconf 79' lang='grc' dir='ltr'><strong><em>ἐκτός.</em></strong></span> 
     </span>
    </p>
   </div>
   <div class='ocr_carea' id='block_1_3' title="bbox 408 3128 732 3215">
    <p class='ocr_par' dir='ltr' id='par_1_4' title="bbox 408 3128 732 3215">
     <span class='ocr_line' id='line_1_25' title="bbox 408 3128 732 3215; baseline 0 -20"><span class='ocrx_word' id='word_1_181' title='bbox 408 3129 464 3196; x_wconf 87' lang='lat' dir='ltr'><strong><em>Ad</em></strong></span> <span class='ocrx_word' id='word_1_182' title='bbox 486 3152 592 3215; x_wconf 86' lang='lat' dir='ltr'><strong>prop.</strong></span> <span class='ocrx_word' id='word_1_183' title='bbox 613 3128 732 3195; x_wconf 86' lang='lat' dir='ltr'>XLIII.</span> 
     </span>
    </p>
   </div>
   <div class='ocr_carea' id='block_1_4' title="bbox 59 3251 1126 3556">
    <p class='ocr_par' dir='ltr' id='par_1_5' title="bbox 59 3251 1126 3556">
     <span class='ocr_line' id='line_1_26' title="bbox 129 3251 1126 3340; baseline -0.007 -14"><span class='ocrx_word' id='word_1_184' title='bbox 129 3258 201 3326; x_wconf 83' lang='lat'>135.</span> <span class='ocrx_word' id='word_1_185' title='bbox 238 3257 317 3322; x_wconf 83' lang='grc' dir='ltr'><strong><em>Νῦν</em></strong></span> <span class='ocrx_word' id='word_1_186' title='bbox 340 3256 475 3340; x_wconf 79' lang='grc' dir='ltr'><strong><em>πρῶτον</em></strong></span> <span class='ocrx_word' id='word_1_187' title='bbox 499 3251 651 3339; x_wconf 81' lang='grc' dir='ltr'><strong><em>ἐμνήσθη</em></strong></span> <span class='ocrx_word' id='word_1_188' title='bbox 675 3255 737 3319; x_wconf 86' lang='grc' dir='ltr'><strong><em>τοῦ</em></strong></span> <span class='ocrx_word' id='word_1_189' title='bbox 764 3252 1073 3340; x_wconf 86' lang='grc' dir='ltr'><strong><em>παραπληρώματος</em></strong></span> <span class='ocrx_word' id='word_1_190' title='bbox 1091 3279 1126 3328; x_wconf 75' lang='lat'><strong><em>25</em></strong></span> 
     </span>
     <span class='ocr_line' id='line_1_27' title="bbox 59 3355 1073 3455; baseline -0.004 -23"><span class='ocrx_word' id='word_1_191' title='bbox 59 3364 97 3432; x_wconf 80' lang='grc' dir='ltr'><strong><em>ἐν</em></strong></span> <span class='ocrx_word' id='word_1_192' title='bbox 120 3365 165 3455; x_wconf 75' lang='grc' dir='ltr'><strong><em>τῷ</em></strong></span> <span class='ocrx_word' id='word_1_193' title='bbox 189 3359 248 3448; x_wconf 84' lang='grc' dir='ltr'><strong><em>μγ’</em></strong></span> <span class='ocrx_word' id='word_1_194' title='bbox 271 3358 480 3447; x_wconf 86' lang='grc' dir='ltr'><strong><em>θεωρήματι,</em></strong></span> <span class='ocrx_word' id='word_1_195' title='bbox 508 3356 546 3426; x_wconf 91' lang='grc' dir='ltr'><strong><em>τὸ</em></strong></span> <span class='ocrx_word' id='word_1_196' title='bbox 571 3358 609 3426; x_wconf 67' lang='grc' dir='ltr'><strong><em>δὲ</em></strong></span> <span class='ocrx_word' id='word_1_197' title='bbox 632 3355 740 3445; x_wconf 81' lang='grc' dir='ltr'><strong><em>ὄνομα</em></strong></span> <span class='ocrx_word' id='word_1_198' title='bbox 763 3360 831 3426; x_wconf 85' lang='grc' dir='ltr'><strong><em>τών</em></strong></span> <span class='ocrx_word' id='word_1_199' title='bbox 853 3367 1073 3448; x_wconf 85' lang='grc' dir='ltr'><strong><em>παραπληρω-</em></strong></span> 
     </span>
     <span class='ocr_line' id='line_1_28' title="bbox 59 3461 1073 3556; baseline -0.002 -19"><span class='ocrx_word' id='word_1_200' title='bbox 59 3467 174 3556; x_wconf 84' lang='grc' dir='ltr'><strong><em>μάτων</em></strong></span> <span class='ocrx_word' id='word_1_201' title='bbox 194 3464 250 3534; x_wconf 89' lang='grc' dir='ltr'><strong><em>ἀπ’</em></strong></span> <span class='ocrx_word' id='word_1_202' title='bbox 268 3466 374 3534; x_wconf 83' lang='grc' dir='ltr'><strong><em>αὐτοῦ</em></strong></span> <span class='ocrx_word' id='word_1_203' title='bbox 392 3469 454 3532; x_wconf 85' lang='grc' dir='ltr'><strong><em>τοῦ</em></strong></span> <span class='ocrx_word' id='word_1_204' title='bbox 472 3463 665 3551; x_wconf 90' lang='grc' dir='ltr'><strong><em>πράγματος</em></strong></span> <span class='ocrx_word' id='word_1_205' title='bbox 684 3468 801 3550; x_wconf 80' lang='grc' dir='ltr'><strong><em>ἔλαβεν</em></strong></span> <span class='ocrx_word' id='word_1_206' title='bbox 825 3461 843 3532; x_wconf 88' lang='grc' dir='ltr'>ὁ</span> <span class='ocrx_word' id='word_1_207' title='bbox 864 3465 1073 3553; x_wconf 82' lang='grc' dir='ltr'><strong><em>στοιχειωτής</em></strong></span> 
     </span>
    </p>
   </div>
   <div class='ocr_carea' id='block_1_5' title="bbox 75 3641 516 3713">
    <p class='ocr_par' dir='ltr' id='par_1_6' title="bbox 75 3641 516 3713">
     <span class='ocr_line' id='line_1_29' title="bbox 75 3641 516 3713; baseline -0.009 -13"><span class='ocrx_word' id='word_1_208' title='bbox 75 3650 78 3657; x_wconf 92' lang='grc'><em>·</em></span> <span class='ocrx_word' id='word_1_209' title='bbox 133 3652 192 3700; x_wconf 76' lang='grc' dir='ltr'><strong><em>ιιι.</em></strong></span> <span class='ocrx_word' id='word_1_210' title='bbox 211 3646 242 3701; x_wconf 79' lang='grc' dir='ltr'><strong><em>Ρ.</em></strong></span> <span class='ocrx_word' id='word_1_211' title='bbox 316 3641 516 3713; x_wconf 74' lang='lat' dir='ltr'><strong>1³⁶.v·(fq).</strong></span> 
     </span>
    </p>
   </div>
   <div class='ocr_carea' id='block_1_6' title="bbox 58 3756 273 3767">
    <p class='ocr_par' dir='ltr' id='par_1_7' title="bbox 58 3756 273 3767">
     <span class='ocr_line' id='line_1_30' title="bbox 58 3756 273 3767; baseline -0.009 0"><span class='ocrx_word' id='word_1_212' title='bbox 58 3756 273 3767; x_wconf 68' lang='lat'><em>———--</em></span> 
     </span>
    </p>
   </div>
   <div class='ocr_carea' id='block_1_7' title="bbox 135 3802 555 3876">
    <p class='ocr_par' dir='ltr' id='par_1_8' title="bbox 135 3802 555 3876">
     <span class='ocr_line' id='line_1_31' title="bbox 135 3802 555 3876; baseline -0.007 -16"><span class='ocrx_word' id='word_1_213' title='bbox 135 3811 176 3860; x_wconf 74' lang='lat'><strong><em>16.</em></strong></span> <span class='ocrx_word' id='word_1_214' title='bbox 196 3803 386 3876; x_wconf 78' lang='grc' dir='ltr'><strong><em>στοιχειωτής]</em></strong></span> <span class='ocrx_word' id='word_1_215' title='bbox 406 3823 507 3873; x_wconf 77' lang='grc' dir='ltr'><strong><em>γιωτης</em></strong></span> <span class='ocrx_word' id='word_1_216' title='bbox 525 3802 555 3857; x_wconf 90' lang='grc' dir='ltr'><strong><em>Ρ.</em></strong></span> 
     </span>
    </p>
   </div>
   <div class='ocr_carea' id='block_1_8' title="bbox 0 0 1213 4236">
    <p class='ocr_par' dir='ltr' id='par_1_9' title="bbox 0 0 1213 4236">
     <span class='ocr_line' id='line_1_32' title="bbox 0 0 1213 4236; baseline 0 0"><span class='ocrx_word' id='word_1_217' title='bbox 0 0 1213 4236; x_wconf 95' lang='lat' dir='ltr'><strong><em> </em></strong></span> 
     </span>
    </p>
   </div>
  </div>
 </body>
</html>
