2414 4236
214 453 371 503 SCHOLIA
388 454 427 502 IN
445 452 719 505 ELEMBNTORUM
737 452 876 504 LIBRUM
890 453 964 504 XIII.
1026 449 1092 514 663

74 591 143 660 ὑπὸ
173 598 281 660 ΑΒΓ.
332 589 416 660 ὥστε
448 593 503 659 καὶ
536 619 557 678 η
590 591 656 660 υπὸ
685 599 787 660 ΒΑΕ
816 594 873 677 τῆς
902 589 968 659 ὑπὸ
992 596 1098 658 ΑΒΓ

76 703 196 786 μείζων
225 700 324 765 ἐστίν.
371 695 456 765 ἀλλὰ
488 703 547 785 τῆς
575 697 640 766 ὑπὸ
669 704 772 766 ΒΑΕ
800 703 920 784 μείζων
952 698 1042 764 ἐστὶν
1070 723 1091 782 η

75 802 143 871 ὑπὸ
167 810 284 871 ΒΑΓ·
322 807 434 892 πολλῷ
458 800 567 889 ἅραὴ
596 802 663 872 ὑπὸ
688 809 792 871 ΒΑΓ
818 807 877 888 τῆς
903 799 968 869 υπὸ
993 807 1097 870 ΑΒΓ

77 916 208 995 μείζων.
255 907 338 976 ἀλλὰ
363 911 419 976 καὶ
443 918 513 994 ἴση·
546 908 746 996 ἰσόπλευρον
769 908 833 996 γὰρ
857 907 1030 976 ὑπόκειται
1053 908 1091 976 τὸ

77 1021 180 1083 ΑΒΓ
206 1021 382 1102 τρίγωνον.
433 1011 495 1082 οὐκ
522 1013 588 1102 ἄρα
617 1015 698 1085 οὐδὲ
726 1014 820 1096 ἐκτὸς
849 1026 996 1083 πεσεῖται
1028 1018 1090 1083 τοῦ
1127 1039 1144 1087 ο

77 1128 181 1190 ΑΒΓ
199 1121 369 1209 τριγώνου
390 1123 428 1190 τὸ
450 1121 591 1209 κέντρον
614 1126 676 1192 τοῦ
698 1121 834 1191 κύκλου.
881 1124 1017 1209 ἐδείχθη
1043 1123 1092 1206 δέ,

77 1225 129 1296 ὅτι
158 1225 239 1297 οὐδὲ
266 1229 319 1296 ἐπὶ
351 1231 428 1314 μιᾶς
457 1231 526 1296 τῶν
556 1232 720 1317 πλευρῶν.
771 1226 867 1307 ἐντὸς
893 1225 972 1313 ἄρα·
1010 1227 1091 1314 ὅπερ

75 1337 145 1401 ἔδει
170 1335 284 1415 δείξαι.

144 1443 196 1507 44.
234 1440 406 1527 Δεύτερον
429 1444 551 1527 λῆμμα.

144 1550 226 1613 ἔστω
249 1550 417 1631 τρίγωνον
444 1543 482 1613 τὸ
507 1551 613 1613 ΑΒΓ
639 1547 694 1614 καὶ
718 1545 860 1626 κάθετος
888 1543 909 1632 ἡ
933 1554 1005 1613 ΑΔ
1037 1547 1090 1613 ἐπὶ
1112 1570 1145 1618 10

73 1651 137 1737 τὴν
156 1657 223 1719 ΒΓ
241 1651 297 1718 καί
321 1657 404 1720 ἔστω
427 1651 465 1721 τὸ
489 1649 555 1720 ὑπὸ
578 1656 648 1721 τῶν
666 1661 745 1739 BA,
765 1659 837 1721 ΔΓ
855 1661 932 1720 ἴσον
955 1656 1000 1746 τῷ
1024 1650 1090 1719 ἀπὸ

73 1768 135 1843 τῆς
157 1765 236 1824 ΔΑ.
282 1758 383 1844 λέγω,
408 1756 459 1826 ὅτι
483 1755 572 1844 ὀρθή
597 1761 688 1828 ἐστιν
710 1757 732 1844 ἡ
755 1757 822 1827 ὑπὸ
847 1764 953 1827 ΒΑΓ
974 1764 1092 1843 γωνία.

76 1862 145 1930 ἐπεὶ
173 1860 237 1949 γὰρ
265 1889 303 1932 το
330 1861 395 1932 ὑπο
424 1867 493 1932 τῶν
516 1872 598 1951 BA,
622 1871 693 1933 ΛΓ
720 1863 957 1952 περιεχόμενον
986 1863 1091 1950 ὀρθο-

75 1966 203 2052 γώνιον
228 1977 303 2038 ἴσον
328 1969 397 2038 ἐστὶ
419 1974 465 2060 τῷ
488 1966 552 2039 ἀπὸ
575 1974 634 2057 τῆς
652 1978 724 2039 ΔΑ
745 1969 954 2062 τετραγώνῳ,
977 1969 1090 2038 καὶτὸ

496 2101 531 2155 A
676 2061 728 2140 δὶς
750 2060 815 2145 ἄρα
838 2057 903 2129 ὑπὸ
926 2063 995 2128 τῶν
1010 2067 1090 2145 BA,
1111 2099 1145 2149 1⁶

676 2173 746 2234 ΛΓ
769 2175 846 2233 ίσον
874 2166 942 2233 ἐστὶ
967 2170 1013 2256 τῷ
1039 2165 1092 2244 δὶς

675 2269 741 2339 ύπὸ
771 2275 831 2356 τῆς
862 2279 940 2338 ΔΑ.
991 2271 1090 2339 κοινὰ
1176 2290 1181 2300 ·

674 2381 886 2462 προσκείσθω
896 2375 936 2444 τὰ
947 2375 1013 2446 ιἰπὸ
1022 2382 1092 2445 τῶν

86 2475 117 2530 Γ
512 2470 548 2521 Δ
605 2475 635 2530 Β
674 2489 758 2571 BA,
787 2488 856 2552 ΔΓ
885 2483 1093 2569 τετράγωνα·

73 2604 114 2673 τὰ
148 2603 214 2691 ἄρα
246 2602 310 2672 ιἰπὸ
343 2608 411 2673 τῶν
435 2611 517 2692 BA,
541 2613 613 2674 ΔΓ
641 2633 721 2694 μετα
753 2612 816 2676 τοῦ
848 2608 900 2687 δὶς
926 2604 992 2675 ὑπὸ
1021 2612 1144 2679 τῶντο

74 2718 153 2796 BA,
177 2715 258 2795 ΛΓ,
286 2712 437 2779 τουτέστι
460 2711 498 2780 τὸ
523 2709 588 2781 ἀπὸ
612 2718 671 2799 τῆς
694 2720 772 2800 ΒΓ,
795 2722 871 2781 ἴσον
894 2713 964 2781 ἐστὶ
986 2717 1031 2804 τῷ
1054 2739 1090 2782 τε

75 2819 128 2896 δὶς
150 2815 216 2884 ἀπὸ
240 2820 299 2902 τῆς
320 2826 391 2885 ΑΛ
414 2815 586 2904 μετὰτῶν
609 2816 674 2887 ἀπὸ
698 2824 767 2888 τῶν
786 2827 865 2905 BA,
885 2825 960 2887 ΔΓ.
1005 2817 1090 2887 ἀλλὰ

73 2923 114 2993 τὰ
139 2923 201 3010 μὲν
225 2920 291 2990 ἀπὸ
314 2926 384 2991 τῶν
407 2932 488 3009 AA,
513 2931 580 2992 AB
604 2933 661 2992 ίσοι
684 2925 753 2994 ἐστὶ
775 2929 821 3015 τῷ
846 2921 910 2990 ἀπὸ
935 2926 993 3009 τῆς
1012 2932 1089 3010 ΑΒ,

72 3029 114 3098 τὰ
141 3029 178 3097 δὲ
206 3027 271 3097 ύπὸ
295 3032 364 3097 τῶν
388 3038 474 3115 ΑΔ,
499 3035 571 3097 ΔΓ
598 3038 655 3098 loa
682 3034 728 3122 τῷ
756 3029 822 3097 ἀπὸ
850 3031 909 3113 τῆς
932 3035 1015 3096 ΑΓ·
1051 3029 1090 3097 τὸ

146 3212 189 3260 44.
209 3204 288 3271 pvo,
307 3207 352 3277 fig.
373 3225 426 3263 om.
445 3205 468 3258 P
486 3205 621 3275 (pertinet
639 3205 675 3261 nd
693 3222 772 3276 prop.
791 3204 857 3258 XIII
874 3221 902 3274 p.
916 3210 977 3273 292,
997 3209 1089 3275 8-9).

147 3373 171 3419 4.
191 3365 312 3452 μείζονί
325 3364 428 3433 μείζων
443 3361 518 3420 ἐστίν
537 3365 571 3420 V.
626 3371 650 3421 Β.
670 3366 814 3433 τρίγωνον.
835 3358 888 3418 ούκ
903 3359 973 3435 ἄρα]
989 3380 1042 3419 om.
1053 3363 1088 3420 V.

112 3429 177 3489 τύδ’
194 3432 274 3496 ἐκτὸς
293 3454 350 3503 αρν
368 3434 402 3489 V.
457 3441 507 3491 τοῦ
525 3442 597 3491 -8,
615 3435 720 3561 δεῖξαι)
740 3450 795 3488 om.
810 3432 843 3490 V.
904 3440 929 3490 9.
947 3439 1042 3505 λῆμμα
1057 3435 1087 3503 β’

73 3501 146 3574 ὅπερ
166 3506 215 3560 καί
232 3505 315 3560 τοῦτο
333 3507 425 3560 λείπει
442 3505 476 3561 V.
568 3512 611 3563 11.
629 3506 681 3578 τῶ]
720 3521 763 3559 στι
781 3503 813 3559 τό
836 3503 866 3560 V.
956 3510 996 3560 12.
1015 3505 1088 3575 λέγω

75 3607 108 3618 -
131 3585 171 3632 14.
190 3595 273 3661 τετροι
293 3573 369 3648 m]
389 3592 445 3631 om.
464 3577 496 3632 V.
562 3583 603 3632 1ο.
622 3562 691 3649 ἄρα]
711 3592 764 3630 om.
784 3574 817 3630 V.
874 3581 915 3631 16.
935 3577 986 3647 τῶ]
1006 3575 1039 3631 τό
1053 3576 1088 3632 V.

113 3653 154 3702 17.
173 3666 256 3714 κοινη
271 3595 301 3702 Β.
358 3653 399 3703 18.
418 3648 611 3718 προσκείσθω]
631 3645 688 3715 ἄρα
705 3648 817 3717 (comp.)
832 3648 938 3700 κείσθω
956 3631 988 3703 Γ.
1046 3653 1088 3702 19.

73 3717 250 3790 τετράγωνοι]
271 3733 325 3772 om.
340 3715 374 3772 V.
447 3723 490 3772 22.
508 3712 580 3773 ἆλίύ
596 3723 686 3774 -14,
702 3719 752 3787 τῆς
768 3715 839 3789 ΑΓ]
858 3713 969 3781 τούτοις
987 3715 1020 3774 δὲ
1040 3720 1089 3772 ίοα

72 3787 108 3845 τὰ
128 3786 185 3845 ύπὸ
203 3790 260 3843 τῶν
280 3792 339 3855 ΒΑ,
357 3792 422 3843 ΑΓ·
443 3785 529 3856 ὀρθαὶ
551 3785 605 3858 γὰρ
623 3786 656 3843 at
671 3785 742 3857 πρὸς
759 3786 792 3842 τὸ
812 3795 837 3842 A
856 3786 892 3843 V.
