<?xml version="1.0" encoding="UTF-8"?>
<!DOCTYPE html PUBLIC "-//W3C//DTD XHTML 1.0 Transitional//EN"
    "http://www.w3.org/TR/xhtml1/DTD/xhtml1-transitional.dtd">
<html xmlns="http://www.w3.org/1999/xhtml" xml:lang="en" lang="en">
 <head>
  <title>
</title>
<meta http-equiv="Content-Type" content="text/html;charset=utf-8" />
  <meta name='ocr-system' content='tesseract 3.04.00' />
  <meta name='ocr-capabilities' content='ocr_page ocr_carea ocr_par ocr_line ocrx_word'/>
</head>
<body>
  <div class='ocr_page' id='page_1' title='image "./euclidisoperaom10unkngoog_0250.png"; bbox 0 0 2414 4236; ppageno 0'>
   <div class='ocr_carea' id='block_1_1' title="bbox 249 457 1186 548">
    <p class='ocr_par' dir='ltr' id='par_1_1' title="bbox 249 457 1186 548">
     <span class='ocr_line' id='line_1_1' title="bbox 249 457 1186 548; baseline 0.017 -15"><span class='ocrx_word' id='word_1_1' title='bbox 249 479 406 533; x_wconf 76' lang='lat' dir='ltr'><strong>scflom</strong></span> <span class='ocrx_word' id='word_1_2' title='bbox 424 483 464 534; x_wconf 79' lang='lat' dir='ltr'><strong>m</strong></span> <span class='ocrx_word' id='word_1_3' title='bbox 480 482 755 535; x_wconf 73' lang='grc' dir='ltr'><strong><em>ωουυυυοοαυυ</em></strong></span> <span class='ocrx_word' id='word_1_4' title='bbox 773 484 913 536; x_wconf 74' lang='lat' dir='ltr'><strong><em>mmm</em></strong></span> <span class='ocrx_word' id='word_1_5' title='bbox 926 485 948 537; x_wconf 93' lang='lat'><strong><em>1.</em></strong></span> <span class='ocrx_word' id='word_1_6' title='bbox 1037 482 1098 548; x_wconf 78' lang='lat'><strong><em>121</em></strong></span> <span class='ocrx_word' id='word_1_7' title='bbox 1176 457 1186 468; x_wconf 71' lang='grc'>’</span> 
     </span>
    </p>
   </div>
   <div class='ocr_carea' id='block_1_2' title="bbox 75 620 1152 3040">
    <p class='ocr_par' dir='ltr' id='par_1_2' title="bbox 75 620 1152 3040">
     <span class='ocr_line' id='line_1_2' title="bbox 81 620 1100 710; baseline 0.005 -22"><span class='ocrx_word' id='word_1_8' title='bbox 81 620 481 709; x_wconf 80' lang='grc' dir='ltr'><strong><em>διαπραγματευσιὶμενος</em></strong></span> <span class='ocrx_word' id='word_1_9' title='bbox 509 626 681 690; x_wconf 89' lang='grc' dir='ltr'><strong><em>δείκνυσιν</em></strong></span> <span class='ocrx_word' id='word_1_10' title='bbox 713 629 770 690; x_wconf 88' lang='grc' dir='ltr'><strong><em>ίσα</em></strong></span> <span class='ocrx_word' id='word_1_11' title='bbox 801 622 841 690; x_wconf 82' lang='grc' dir='ltr'><strong><em>τὰ</em></strong></span> <span class='ocrx_word' id='word_1_12' title='bbox 869 630 1017 710; x_wconf 86' lang='grc' dir='ltr'><strong><em>τρίγωνα</em></strong></span> <span class='ocrx_word' id='word_1_13' title='bbox 1043 625 1100 693; x_wconf 78' lang='grc' dir='ltr'><strong><em>καὶ</em></strong></span> 
     </span>
     <span class='ocr_line' id='line_1_3' title="bbox 79 725 1097 817; baseline 0.006 -23"><span class='ocrx_word' id='word_1_14' title='bbox 79 725 142 806; x_wconf 82' lang='grc' dir='ltr'><strong><em>τὰς</em></strong></span> <span class='ocrx_word' id='word_1_15' title='bbox 158 732 284 812; x_wconf 98' lang='grc' dir='ltr'><strong><em>γωνίας</em></strong></span> <span class='ocrx_word' id='word_1_16' title='bbox 301 728 358 794; x_wconf 82' lang='grc' dir='ltr'><strong><em>καὶ</em></strong></span> <span class='ocrx_word' id='word_1_17' title='bbox 374 726 416 794; x_wconf 78' lang='grc' dir='ltr'><strong><em>τὰ</em></strong></span> <span class='ocrx_word' id='word_1_18' title='bbox 436 726 565 814; x_wconf 85' lang='grc' dir='ltr'><strong><em>ἐμβαδδι</em></strong></span> <span class='ocrx_word' id='word_1_19' title='bbox 578 729 635 796; x_wconf 80' lang='grc' dir='ltr'><strong><em>καὶ</em></strong></span> <span class='ocrx_word' id='word_1_20' title='bbox 648 726 689 795; x_wconf 86' lang='grc' dir='ltr'><strong><em>τὰ</em></strong></span> <span class='ocrx_word' id='word_1_21' title='bbox 702 733 889 816; x_wconf 87' lang='grc' dir='ltr'><strong><em>περίμετρα.</em></strong></span> <span class='ocrx_word' id='word_1_22' title='bbox 922 735 1097 817; x_wconf 82' lang='grc' dir='ltr'><strong><em>συμβαίνει</em></strong></span> 
     </span>
     <span class='ocr_line' id='line_1_4' title="bbox 81 831 1098 920; baseline 0.003 -20"><span class='ocrx_word' id='word_1_23' title='bbox 81 831 122 900; x_wconf 77' lang='grc' dir='ltr'><strong><em>δέ</em></strong></span> <span class='ocrx_word' id='word_1_24' title='bbox 143 836 211 901; x_wconf 80' lang='grc' dir='ltr'><strong><em>τῶν</em></strong></span> <span class='ocrx_word' id='word_1_25' title='bbox 234 834 393 919; x_wconf 77' lang='grc' dir='ltr'><strong><em>ἐμβαδῶν</em></strong></span> <span class='ocrx_word' id='word_1_26' title='bbox 416 841 501 901; x_wconf 76' lang='grc' dir='ltr'><strong><em>ἴσων</em></strong></span> <span class='ocrx_word' id='word_1_27' title='bbox 525 832 637 903; x_wconf 85' lang='grc' dir='ltr'><strong><em>ὄντων</em></strong></span> <span class='ocrx_word' id='word_1_28' title='bbox 658 832 699 902; x_wconf 81' lang='grc' dir='ltr'><strong><em>τὰ</em></strong></span> <span class='ocrx_word' id='word_1_29' title='bbox 723 840 902 920; x_wconf 85' lang='grc' dir='ltr'><strong><em>περίμετρα</em></strong></span> <span class='ocrx_word' id='word_1_30' title='bbox 923 834 1024 903; x_wconf 77' lang='grc' dir='ltr'><strong><em>ἄνισα</em></strong></span> <span class='ocrx_word' id='word_1_31' title='bbox 1042 837 1098 904; x_wconf 82' lang='grc' dir='ltr'><strong><em>καὶ</em></strong></span> 
     </span>
     <span class='ocr_line' id='line_1_5' title="bbox 79 938 1097 1027; baseline 0.004 -22"><span class='ocrx_word' id='word_1_32' title='bbox 79 942 151 1006; x_wconf 78' lang='grc' dir='ltr'><strong><em>τόν</em></strong></span> <span class='ocrx_word' id='word_1_33' title='bbox 173 941 379 1025; x_wconf 85' lang='grc' dir='ltr'><strong><em>περιμέτρων</em></strong></span> <span class='ocrx_word' id='word_1_34' title='bbox 403 947 487 1008; x_wconf 87' lang='grc' dir='ltr'><strong><em>ίσων</em></strong></span> <span class='ocrx_word' id='word_1_35' title='bbox 511 938 624 1008; x_wconf 79' lang='grc' dir='ltr'><strong><em>οὐσῶν</em></strong></span> <span class='ocrx_word' id='word_1_36' title='bbox 652 938 754 1008; x_wconf 80' lang='grc' dir='ltr'><strong><em>ἄνισα</em></strong></span> <span class='ocrx_word' id='word_1_37' title='bbox 780 940 822 1008; x_wconf 78' lang='grc' dir='ltr'><strong><em>τὰ</em></strong></span> <span class='ocrx_word' id='word_1_38' title='bbox 852 940 988 1027; x_wconf 79' lang='grc' dir='ltr'><strong><em>ἐμβαδοί.</em></strong></span> <span class='ocrx_word' id='word_1_39' title='bbox 1035 941 1097 1010; x_wconf 84' lang='grc' dir='ltr'><strong><em>δύο</em></strong></span> 
     </span>
     <span class='ocr_line' id='line_1_6' title="bbox 79 1043 1132 1132; baseline 0.008 -22"><span class='ocrx_word' id='word_1_40' title='bbox 79 1043 148 1130; x_wconf 80' lang='grc' dir='ltr'><strong><em>γὰρ</em></strong></span> <span class='ocrx_word' id='word_1_41' title='bbox 158 1046 342 1112; x_wconf 74' lang='grc' dir='ltr'><strong><em>ἰσοσκελῶν</em></strong></span> <span class='ocrx_word' id='word_1_42' title='bbox 355 1044 531 1131; x_wconf 73' lang='grc' dir='ltr'><strong><em>τριγώνων</em></strong></span> <span class='ocrx_word' id='word_1_43' title='bbox 547 1045 705 1131; x_wconf 80' lang='grc' dir='ltr'><strong><em>ἑκάτερον</em></strong></span> <span class='ocrx_word' id='word_1_44' title='bbox 720 1052 786 1132; x_wconf 82' lang='grc' dir='ltr'><strong><em>ἔχει</em></strong></span> <span class='ocrx_word' id='word_1_45' title='bbox 799 1044 857 1126; x_wconf 78' lang='grc' dir='ltr'><strong><em>τὰς</em></strong></span> <span class='ocrx_word' id='word_1_46' title='bbox 871 1055 944 1126; x_wconf 81' lang='grc' dir='ltr'><strong><em>ίσας</em></strong></span> <span class='ocrx_word' id='word_1_47' title='bbox 953 1046 1097 1132; x_wconf 81' lang='grc' dir='ltr'><strong><em>πλευρὰς</em></strong></span> <span class='ocrx_word' id='word_1_48' title='bbox 1115 1071 1132 1120; x_wconf 81' lang='grc' dir='ltr'><strong><em>ο</em></strong></span> 
     </span>
     <span class='ocr_line' id='line_1_7' title="bbox 79 1148 1096 1239; baseline 0.004 -22"><span class='ocrx_word' id='word_1_49' title='bbox 79 1148 149 1225; x_wconf 76' lang='grc' dir='ltr'><strong><em>οέπό</em></strong></span> <span class='ocrx_word' id='word_1_50' title='bbox 172 1152 271 1218; x_wconf 90' lang='grc' dir='ltr'><strong><em>πέντε</em></strong></span> <span class='ocrx_word' id='word_1_51' title='bbox 294 1152 466 1237; x_wconf 80' lang='grc' dir='ltr'><strong><em>μονάδων,</em></strong></span> <span class='ocrx_word' id='word_1_52' title='bbox 489 1157 558 1220; x_wconf 76' lang='grc' dir='ltr'><strong><em>τῶν</em></strong></span> <span class='ocrx_word' id='word_1_53' title='bbox 582 1152 619 1220; x_wconf 72' lang='grc' dir='ltr'><strong><em>δὲ</em></strong></span> <span class='ocrx_word' id='word_1_54' title='bbox 641 1151 775 1238; x_wconf 81' lang='grc' dir='ltr'><strong><em>βάσεων</em></strong></span> <span class='ocrx_word' id='word_1_55' title='bbox 798 1151 836 1222; x_wconf 87' lang='grc' dir='ltr'><strong><em>τὸ</em></strong></span> <span class='ocrx_word' id='word_1_56' title='bbox 855 1153 919 1239; x_wconf 76' lang='grc' dir='ltr'><strong><em>μὲν</em></strong></span> <span class='ocrx_word' id='word_1_57' title='bbox 937 1151 1035 1238; x_wconf 81' lang='grc' dir='ltr'><strong><em>όκτό,</em></strong></span> <span class='ocrx_word' id='word_1_58' title='bbox 1058 1155 1096 1221; x_wconf 88' lang='grc' dir='ltr'><strong><em>τὸ</em></strong></span> 
     </span>
     <span class='ocr_line' id='line_1_8' title="bbox 79 1253 1097 1345; baseline 0.002 -22"><span class='ocrx_word' id='word_1_59' title='bbox 79 1255 119 1323; x_wconf 67' lang='grc' dir='ltr'><strong><em>δὲ</em></strong></span> <span class='ocrx_word' id='word_1_60' title='bbox 147 1258 190 1338; x_wconf 83' lang='grc' dir='ltr'><strong><em>ἒξ.</em></strong></span> <span class='ocrx_word' id='word_1_61' title='bbox 244 1253 263 1324; x_wconf 86' lang='grc' dir='ltr'>ὁ</span> <span class='ocrx_word' id='word_1_62' title='bbox 291 1255 354 1342; x_wconf 69' lang='grc' dir='ltr'><strong><em>μέν</em></strong></span> <span class='ocrx_word' id='word_1_63' title='bbox 388 1255 525 1341; x_wconf 81' lang='grc' dir='ltr'><strong><em>ἄπειρος</em></strong></span> <span class='ocrx_word' id='word_1_64' title='bbox 556 1264 757 1344; x_wconf 82' lang='grc' dir='ltr'><strong><em>γεωμετρίας</em></strong></span> <span class='ocrx_word' id='word_1_65' title='bbox 788 1267 877 1327; x_wconf 87' lang='grc' dir='ltr'><strong><em>είποι</em></strong></span> <span class='ocrx_word' id='word_1_66' title='bbox 909 1256 953 1327; x_wconf 80' lang='grc' dir='ltr'><strong><em>ἂν</em></strong></span> <span class='ocrx_word' id='word_1_67' title='bbox 986 1265 1097 1345; x_wconf 81' lang='grc' dir='ltr'><strong><em>μεῖζον</em></strong></span> 
     </span>
     <span class='ocr_line' id='line_1_9' title="bbox 78 1356 1097 1452; baseline 0.002 -22"><span class='ocrx_word' id='word_1_68' title='bbox 78 1360 229 1431; x_wconf 79' lang='grc' dir='ltr'><strong><em>εἶναιτὸ</em></strong></span> <span class='ocrx_word' id='word_1_69' title='bbox 254 1367 333 1448; x_wconf 75' lang='grc' dir='ltr'><strong><em>ἕχον</em></strong></span> <span class='ocrx_word' id='word_1_70' title='bbox 357 1362 597 1448; x_wconf 82' lang='grc' dir='ltr'><strong><em>ὀκτωκαίδεκα,</em></strong></span> <span class='ocrx_word' id='word_1_71' title='bbox 627 1360 645 1431; x_wconf 86' lang='grc' dir='ltr'>ὁ</span> <span class='ocrx_word' id='word_1_72' title='bbox 671 1363 701 1430; x_wconf 90' lang='grc' dir='ltr'><strong><em>δ’</em></strong></span> <span class='ocrx_word' id='word_1_73' title='bbox 728 1356 772 1431; x_wconf 86' lang='grc' dir='ltr'><strong><em>αὖ</em></strong></span> <span class='ocrx_word' id='word_1_74' title='bbox 796 1366 982 1452; x_wconf 89' lang='grc' dir='ltr'><strong><em>γεωμέτρης</em></strong></span> <span class='ocrx_word' id='word_1_75' title='bbox 1010 1372 1097 1432; x_wconf 83' lang='grc' dir='ltr'><strong><em>εέποι</em></strong></span> 
     </span>
     <span class='ocr_line' id='line_1_10' title="bbox 78 1467 1097 1556; baseline 0.004 -21"><span class='ocrx_word' id='word_1_76' title='bbox 78 1467 137 1553; x_wconf 78' lang='grc' dir='ltr'><strong><em>ἄν,</em></strong></span> <span class='ocrx_word' id='word_1_77' title='bbox 161 1467 213 1536; x_wconf 87' lang='grc' dir='ltr'><strong><em>ότι</em></strong></span> <span class='ocrx_word' id='word_1_78' title='bbox 235 1468 402 1555; x_wconf 74' lang='grc' dir='ltr'><strong><em>ἑκατέρων</em></strong></span> <span class='ocrx_word' id='word_1_79' title='bbox 425 1471 463 1538; x_wconf 88' lang='grc' dir='ltr'><strong><em>τὸ</em></strong></span> <span class='ocrx_word' id='word_1_80' title='bbox 488 1469 638 1556; x_wconf 76' lang='grc' dir='ltr'><strong><em>ἐμβαδόυ</em></strong></span> <span class='ocrx_word' id='word_1_81' title='bbox 662 1471 731 1537; x_wconf 85' lang='grc' dir='ltr'><strong><em>ἐστι</em></strong></span> <span class='ocrx_word' id='word_1_82' title='bbox 755 1469 896 1555; x_wconf 76' lang='grc' dir='ltr'><strong><em>δυόδεκα,</em></strong></span> <span class='ocrx_word' id='word_1_83' title='bbox 920 1471 1097 1540; x_wconf 79' lang='grc' dir='ltr'><strong><em>καὶταῦτα</em></strong></span> 
     </span>
     <span class='ocr_line' id='line_1_11' title="bbox 79 1570 1152 1664; baseline 0.007 -24"><span class='ocrx_word' id='word_1_84' title='bbox 79 1570 250 1654; x_wconf 73' lang='grc' dir='ltr'><strong><em>ἀποδείξει</em></strong></span> <span class='ocrx_word' id='word_1_85' title='bbox 275 1574 422 1645; x_wconf 79' lang='grc' dir='ltr'><strong><em>κάθετον</em></strong></span> <span class='ocrx_word' id='word_1_86' title='bbox 450 1574 587 1662; x_wconf 76' lang='grc' dir='ltr'><strong><em>ἀγαγὼν</em></strong></span> <span class='ocrx_word' id='word_1_87' title='bbox 614 1576 779 1661; x_wconf 79' lang='grc' dir='ltr'><strong><em>ἑκατέρων</em></strong></span> <span class='ocrx_word' id='word_1_88' title='bbox 809 1581 878 1645; x_wconf 82' lang='grc' dir='ltr'><strong><em>τῶν</em></strong></span> <span class='ocrx_word' id='word_1_89' title='bbox 908 1577 1096 1664; x_wconf 73' lang='grc' dir='ltr'><strong><em>τριγώνων,</em></strong></span> <span class='ocrx_word' id='word_1_90' title='bbox 1117 1600 1152 1649; x_wconf 82' lang='lat'><strong><em>10</em></strong></span> 
     </span>
     <span class='ocr_line' id='line_1_12' title="bbox 80 1679 1096 1770; baseline 0.005 -24"><span class='ocrx_word' id='word_1_91' title='bbox 80 1679 139 1747; x_wconf 81' lang='grc' dir='ltr'><strong><em>καὶ</em></strong></span> <span class='ocrx_word' id='word_1_92' title='bbox 157 1679 279 1748; x_wconf 77' lang='grc' dir='ltr'><strong><em>τούτου</em></strong></span> <span class='ocrx_word' id='word_1_93' title='bbox 299 1684 485 1768; x_wconf 79' lang='grc' dir='ltr'><strong><em>γινομένου</em></strong></span> <span class='ocrx_word' id='word_1_94' title='bbox 508 1682 611 1763; x_wconf 84' lang='grc' dir='ltr'><strong><em>ίσόζει</em></strong></span> <span class='ocrx_word' id='word_1_95' title='bbox 634 1682 690 1748; x_wconf 81' lang='grc' dir='ltr'><strong><em>καὶ</em></strong></span> <span class='ocrx_word' id='word_1_96' title='bbox 713 1680 752 1749; x_wconf 81' lang='grc' dir='ltr'><strong><em>τὰ</em></strong></span> <span class='ocrx_word' id='word_1_97' title='bbox 776 1689 954 1770; x_wconf 87' lang='grc' dir='ltr'><strong><em>περίμετρα</em></strong></span> <span class='ocrx_word' id='word_1_98' title='bbox 977 1684 1033 1750; x_wconf 79' lang='grc' dir='ltr'><strong><em>καὶ</em></strong></span> <span class='ocrx_word' id='word_1_99' title='bbox 1056 1681 1096 1752; x_wconf 82' lang='grc' dir='ltr'><strong><em>τὰ</em></strong></span> 
     </span>
     <span class='ocr_line' id='line_1_13' title="bbox 80 1783 1095 1879; baseline 0.005 -27"><span class='ocrx_word' id='word_1_100' title='bbox 80 1784 211 1871; x_wconf 80' lang='grc' dir='ltr'><strong><em>έμβαδὰ</em></strong></span> <span class='ocrx_word' id='word_1_101' title='bbox 234 1783 355 1856; x_wconf 75' lang='grc' dir='ltr'><strong><em>αὐτῶν.</em></strong></span> <span class='ocrx_word' id='word_1_102' title='bbox 393 1785 617 1856; x_wconf 84' lang='grc' dir='ltr'><strong><em>ὑποτείνουσα</em></strong></span> <span class='ocrx_word' id='word_1_103' title='bbox 643 1787 680 1855; x_wconf 75' lang='grc' dir='ltr'><strong><em>δέ</em></strong></span> <span class='ocrx_word' id='word_1_104' title='bbox 702 1787 828 1876; x_wconf 80' lang='grc' dir='ltr'><strong><em>πίευρδι</em></strong></span> <span class='ocrx_word' id='word_1_105' title='bbox 852 1793 893 1877; x_wconf 79' lang='grc' dir='ltr'><strong><em>τῇ</em></strong></span> <span class='ocrx_word' id='word_1_106' title='bbox 915 1796 1024 1879; x_wconf 81' lang='grc' dir='ltr'><strong><em>γωνίᾳ</em></strong></span> <span class='ocrx_word' id='word_1_107' title='bbox 1047 1791 1095 1856; x_wconf 80' lang='grc' dir='ltr'><strong><em>ίέ-</em></strong></span> 
     </span>
     <span class='ocr_line' id='line_1_14' title="bbox 80 1888 1096 1983; baseline 0.003 -24"><span class='ocrx_word' id='word_1_108' title='bbox 80 1917 172 1976; x_wconf 91' lang='grc' dir='ltr'><strong><em>γεται</em></strong></span> <span class='ocrx_word' id='word_1_109' title='bbox 185 1888 207 1976; x_wconf 83' lang='grc' dir='ltr'><em>ἡ</em></span> <span class='ocrx_word' id='word_1_110' title='bbox 221 1891 424 1979; x_wconf 81' lang='grc' dir='ltr'><strong><em>καταντικρὺ</em></strong></span> <span class='ocrx_word' id='word_1_111' title='bbox 437 1895 587 1981; x_wconf 83' lang='grc' dir='ltr'><strong><em>κειμένη·</em></strong></span> <span class='ocrx_word' id='word_1_112' title='bbox 610 1898 701 1962; x_wconf 82' lang='grc' dir='ltr'><strong><em>πᾶσα</em></strong></span> <span class='ocrx_word' id='word_1_113' title='bbox 715 1893 779 1981; x_wconf 80' lang='grc' dir='ltr'><strong><em>γὰρ</em></strong></span> <span class='ocrx_word' id='word_1_114' title='bbox 793 1892 975 1983; x_wconf 79' lang='grc' dir='ltr'><strong><em>τριγωνιιιὴ</em></strong></span> <span class='ocrx_word' id='word_1_115' title='bbox 989 1901 1096 1981; x_wconf 90' lang='grc' dir='ltr'><strong><em>γωνία</em></strong></span> 
     </span>
     <span class='ocr_line' id='line_1_15' title="bbox 79 1996 1095 2085; baseline 0.005 -20"><span class='ocrx_word' id='word_1_116' title='bbox 79 1999 262 2085; x_wconf 78' lang='grc' dir='ltr'><strong><em>περιέχεται</em></strong></span> <span class='ocrx_word' id='word_1_117' title='bbox 285 1998 349 2085; x_wconf 73' lang='grc' dir='ltr'><strong><em>μὲν</em></strong></span> <span class='ocrx_word' id='word_1_118' title='bbox 371 1996 437 2068; x_wconf 83' lang='grc' dir='ltr'><strong><em>ὑπὸ</em></strong></span> <span class='ocrx_word' id='word_1_119' title='bbox 462 1999 524 2067; x_wconf 85' lang='grc' dir='ltr'><strong><em>δύο</em></strong></span> <span class='ocrx_word' id='word_1_120' title='bbox 549 1998 711 2084; x_wconf 80' lang='grc' dir='ltr'><strong><em>εὐθειῶν,</em></strong></span> <span class='ocrx_word' id='word_1_121' title='bbox 736 1999 945 2070; x_wconf 86' lang='grc' dir='ltr'><strong><em>ὑποτείνεται</em></strong></span> <span class='ocrx_word' id='word_1_122' title='bbox 969 2001 1006 2070; x_wconf 68' lang='grc' dir='ltr'><strong><em>δὲ</em></strong></span> <span class='ocrx_word' id='word_1_123' title='bbox 1029 2000 1095 2070; x_wconf 85' lang='grc' dir='ltr'><strong><em>ὑπὸ</em></strong></span> 
     </span>
     <span class='ocr_line' id='line_1_16' title="bbox 79 2100 1151 2192; baseline 0.007 -23"><span class='ocrx_word' id='word_1_124' title='bbox 79 2106 140 2190; x_wconf 80' lang='grc' dir='ltr'><strong><em>τῆς</em></strong></span> <span class='ocrx_word' id='word_1_125' title='bbox 161 2106 288 2191; x_wconf 78' lang='grc' dir='ltr'><strong><em>λοιπῆς.</em></strong></span> <span class='ocrx_word' id='word_1_126' title='bbox 334 2100 387 2171; x_wconf 87' lang='grc' dir='ltr'><strong><em>διὸ</em></strong></span> <span class='ocrx_word' id='word_1_127' title='bbox 410 2103 469 2183; x_wconf 84' lang='grc' dir='ltr'><strong><em>τὰς</em></strong></span> <span class='ocrx_word' id='word_1_128' title='bbox 491 2109 617 2190; x_wconf 88' lang='grc' dir='ltr'><strong><em>γωνίας</em></strong></span> <span class='ocrx_word' id='word_1_129' title='bbox 640 2114 714 2184; x_wconf 84' lang='grc' dir='ltr'><strong><em>ι”σας</em></strong></span> <span class='ocrx_word' id='word_1_130' title='bbox 739 2104 843 2192; x_wconf 72' lang='grc' dir='ltr'><strong><em>εἶναι,</em></strong></span> <span class='ocrx_word' id='word_1_131' title='bbox 870 2104 930 2192; x_wconf 87' lang='grc' dir='ltr'><strong><em>ὑφ’</em></strong></span> <span class='ocrx_word' id='word_1_132' title='bbox 957 2103 997 2186; x_wconf 75' lang='grc' dir='ltr'><strong><em>ἃς</em></strong></span> <span class='ocrx_word' id='word_1_133' title='bbox 1025 2115 1094 2174; x_wconf 83' lang='grc' dir='ltr'><strong><em>ίσαι</em></strong></span> <span class='ocrx_word' id='word_1_134' title='bbox 1116 2129 1151 2178; x_wconf 81' lang='grc' dir='ltr'><strong><em>ισ</em></strong></span> 
     </span>
     <span class='ocr_line' id='line_1_17' title="bbox 80 2208 1096 2298; baseline 0.003 -21"><span class='ocrx_word' id='word_1_135' title='bbox 80 2210 222 2296; x_wconf 79' lang='grc' dir='ltr'><strong><em>πλευραί</em></strong></span> <span class='ocrx_word' id='word_1_136' title='bbox 234 2208 482 2279; x_wconf 81' lang='grc' dir='ltr'><strong><em>ὑποτείνουσιν.</em></strong></span> <span class='ocrx_word' id='word_1_137' title='bbox 519 2210 581 2279; x_wconf 82' lang='grc' dir='ltr'><strong><em>δύο</em></strong></span> <span class='ocrx_word' id='word_1_138' title='bbox 602 2211 640 2279; x_wconf 74' lang='grc' dir='ltr'><strong><em>δέ</em></strong></span> <span class='ocrx_word' id='word_1_139' title='bbox 658 2210 790 2279; x_wconf 84' lang='grc' dir='ltr'><strong><em>εὐθεῖαι</em></strong></span> <span class='ocrx_word' id='word_1_140' title='bbox 808 2217 932 2297; x_wconf 83' lang='grc' dir='ltr'><strong><em>χωρίον</em></strong></span> <span class='ocrx_word' id='word_1_141' title='bbox 952 2212 993 2280; x_wconf 87' lang='grc' dir='ltr'><strong><em>οὐ</em></strong></span> <span class='ocrx_word' id='word_1_142' title='bbox 1007 2238 1096 2298; x_wconf 88' lang='grc' dir='ltr'><strong><em>περι-</em></strong></span> 
     </span>
     <span class='ocr_line' id='line_1_18' title="bbox 78 2311 1094 2403; baseline 0.002 -21"><span class='ocrx_word' id='word_1_143' title='bbox 78 2316 229 2403; x_wconf 84' lang='grc' dir='ltr'><strong><em>έχουσιν·</em></strong></span> <span class='ocrx_word' id='word_1_144' title='bbox 251 2319 352 2385; x_wconf 72' lang='grc' dir='ltr'><strong><em>τοῦτο</em></strong></span> <span class='ocrx_word' id='word_1_145' title='bbox 371 2311 417 2395; x_wconf 76' lang='grc' dir='ltr'><strong><em>ὥς</em></strong></span> <span class='ocrx_word' id='word_1_146' title='bbox 436 2313 710 2403; x_wconf 83' lang='grc' dir='ltr'><strong><em>ὁμολογούμενον</em></strong></span> <span class='ocrx_word' id='word_1_147' title='bbox 730 2313 748 2384; x_wconf 89' lang='grc' dir='ltr'>ὁ</span> <span class='ocrx_word' id='word_1_148' title='bbox 767 2317 955 2402; x_wconf 83' lang='grc' dir='ltr'><strong><em>γεωμέτρης</em></strong></span> <span class='ocrx_word' id='word_1_149' title='bbox 969 2321 1094 2402; x_wconf 79' lang='grc' dir='ltr'><strong><em>ἐλαβεν.</em></strong></span> 
     </span>
     <span class='ocr_line' id='line_1_19' title="bbox 79 2420 1096 2509; baseline 0.001 -21"><span class='ocrx_word' id='word_1_150' title='bbox 79 2425 110 2488; x_wconf 85' lang='grc' dir='ltr'><strong><em>εί</em></strong></span> <span class='ocrx_word' id='word_1_151' title='bbox 131 2421 195 2509; x_wconf 79' lang='grc' dir='ltr'><strong><em>γὰρ</em></strong></span> <span class='ocrx_word' id='word_1_152' title='bbox 218 2421 259 2489; x_wconf 82' lang='grc' dir='ltr'><strong><em>τὰ</em></strong></span> <span class='ocrx_word' id='word_1_153' title='bbox 281 2424 421 2509; x_wconf 86' lang='grc' dir='ltr'><strong><em>πέρατα,</em></strong></span> <span class='ocrx_word' id='word_1_154' title='bbox 445 2428 562 2509; x_wconf 90' lang='grc' dir='ltr'><strong><em>φησίν,</em></strong></span> <span class='ocrx_word' id='word_1_155' title='bbox 587 2421 770 2508; x_wconf 84' lang='grc' dir='ltr'><strong><em>ἐφαρμόσει</em></strong></span> <span class='ocrx_word' id='word_1_156' title='bbox 793 2425 861 2489; x_wconf 78' lang='grc' dir='ltr'><strong><em>τόν</em></strong></span> <span class='ocrx_word' id='word_1_157' title='bbox 884 2420 1016 2506; x_wconf 80' lang='grc' dir='ltr'><strong><em>βάσεων</em></strong></span> <span class='ocrx_word' id='word_1_158' title='bbox 1040 2420 1096 2489; x_wconf 83' lang='grc' dir='ltr'><strong><em>ἆλ-</em></strong></span> 
     </span>
     <span class='ocr_line' id='line_1_20' title="bbox 77 2525 1095 2615; baseline 0.001 -21"><span class='ocrx_word' id='word_1_159' title='bbox 77 2525 209 2613; x_wconf 80' lang='grc' dir='ltr'><strong><em>λήλοις,</em></strong></span> <span class='ocrx_word' id='word_1_160' title='bbox 241 2525 472 2614; x_wconf 79' lang='grc' dir='ltr'><strong><em>ἐφαρμόσουσι</em></strong></span> <span class='ocrx_word' id='word_1_161' title='bbox 499 2529 554 2595; x_wconf 79' lang='grc' dir='ltr'><strong><em>καὶ</em></strong></span> <span class='ocrx_word' id='word_1_162' title='bbox 582 2531 621 2595; x_wconf 87' lang='grc' dir='ltr'><strong><em>αί</em></strong></span> <span class='ocrx_word' id='word_1_163' title='bbox 645 2527 775 2614; x_wconf 75' lang='grc' dir='ltr'><strong><em>βάσεις,</em></strong></span> <span class='ocrx_word' id='word_1_164' title='bbox 807 2533 839 2596; x_wconf 89' lang='grc' dir='ltr'><strong><em>εί</em></strong></span> <span class='ocrx_word' id='word_1_165' title='bbox 868 2528 905 2596; x_wconf 68' lang='grc' dir='ltr'><strong><em>δὲ</em></strong></span> <span class='ocrx_word' id='word_1_166' title='bbox 937 2527 998 2615; x_wconf 82' lang='grc' dir='ltr'><strong><em>μή,</em></strong></span> <span class='ocrx_word' id='word_1_167' title='bbox 1031 2526 1095 2596; x_wconf 81' lang='grc' dir='ltr'><strong><em>δύο</em></strong></span> 
     </span>
     <span class='ocr_line' id='line_1_21' title="bbox 77 2631 1151 2722; baseline 0.006 -21"><span class='ocrx_word' id='word_1_168' title='bbox 77 2631 211 2701; x_wconf 74' lang='grc' dir='ltr'><strong><em>εὐθεῖαι</em></strong></span> <span class='ocrx_word' id='word_1_169' title='bbox 243 2639 368 2720; x_wconf 81' lang='grc' dir='ltr'><strong><em>χωρίον</em></strong></span> <span class='ocrx_word' id='word_1_170' title='bbox 405 2635 627 2720; x_wconf 82' lang='grc' dir='ltr'><strong><em>περιέξουσιν.</em></strong></span> <span class='ocrx_word' id='word_1_171' title='bbox 687 2633 749 2703; x_wconf 82' lang='grc' dir='ltr'><strong><em>δύο</em></strong></span> <span class='ocrx_word' id='word_1_172' title='bbox 786 2635 851 2722; x_wconf 83' lang='grc' dir='ltr'><strong><em>γάρ</em></strong></span> <span class='ocrx_word' id='word_1_173' title='bbox 885 2637 955 2703; x_wconf 92' lang='grc' dir='ltr'><strong><em>ἐστι</em></strong></span> <span class='ocrx_word' id='word_1_174' title='bbox 991 2639 1094 2703; x_wconf 85' lang='grc' dir='ltr'><strong><em>ταῦτα</em></strong></span> <span class='ocrx_word' id='word_1_175' title='bbox 1114 2657 1151 2708; x_wconf 80' lang='lat'><strong><em>20</em></strong></span> 
     </span>
     <span class='ocr_line' id='line_1_22' title="bbox 76 2737 1096 2829; baseline 0.003 -22"><span class='ocrx_word' id='word_1_176' title='bbox 76 2737 248 2826; x_wconf 80' lang='grc' dir='ltr'><strong><em>όξιιόματα</em></strong></span> <span class='ocrx_word' id='word_1_177' title='bbox 263 2738 440 2807; x_wconf 88' lang='grc' dir='ltr'><strong><em>συνεκτικά</em></strong></span> <span class='ocrx_word' id='word_1_178' title='bbox 454 2744 513 2826; x_wconf 79' lang='grc' dir='ltr'><strong><em>τῆς</em></strong></span> <span class='ocrx_word' id='word_1_179' title='bbox 528 2737 608 2826; x_wconf 83' lang='grc' dir='ltr'><strong><em>ὅλης</em></strong></span> <span class='ocrx_word' id='word_1_180' title='bbox 622 2740 775 2825; x_wconf 77' lang='grc' dir='ltr'><strong><em>μεθόδου</em></strong></span> <span class='ocrx_word' id='word_1_181' title='bbox 793 2746 855 2810; x_wconf 84' lang='grc' dir='ltr'><strong><em>τοῦ</em></strong></span> <span class='ocrx_word' id='word_1_182' title='bbox 873 2743 1096 2829; x_wconf 88' lang='grc' dir='ltr'><strong><em>προκειμένου</em></strong></span> 
     </span>
     <span class='ocr_line' id='line_1_23' title="bbox 75 2844 1095 2935; baseline 0.004 -22"><span class='ocrx_word' id='word_1_183' title='bbox 75 2844 307 2932; x_wconf 78' lang='grc' dir='ltr'><strong><em>θεωρήματος,</em></strong></span> <span class='ocrx_word' id='word_1_184' title='bbox 327 2850 365 2914; x_wconf 74' lang='grc' dir='ltr'><strong><em>ἓν</em></strong></span> <span class='ocrx_word' id='word_1_185' title='bbox 380 2849 453 2932; x_wconf 88' lang='grc' dir='ltr'><strong><em>μέν,</em></strong></span> <span class='ocrx_word' id='word_1_186' title='bbox 472 2844 525 2914; x_wconf 82' lang='grc' dir='ltr'><strong><em>ὅτι</em></strong></span> <span class='ocrx_word' id='word_1_187' title='bbox 538 2845 579 2914; x_wconf 82' lang='grc' dir='ltr'><strong><em>τὰ</em></strong></span> <span class='ocrx_word' id='word_1_188' title='bbox 599 2846 829 2933; x_wconf 78' lang='grc' dir='ltr'><strong><em>ἐφαρμόζοντα</em></strong></span> <span class='ocrx_word' id='word_1_189' title='bbox 850 2857 906 2916; x_wconf 85' lang='grc' dir='ltr'><strong><em>ίσα</em></strong></span> <span class='ocrx_word' id='word_1_190' title='bbox 924 2847 1095 2935; x_wconf 72' lang='grc' dir='ltr'><strong><em>ἀλλήλοις</em></strong></span> 
     </span>
     <span class='ocr_line' id='line_1_24' title="bbox 75 2948 1096 3040; baseline -0.001 -19"><span class='ocrx_word' id='word_1_191' title='bbox 75 2955 177 3021; x_wconf 85' lang='grc' dir='ltr'><strong><em>τοῦτο</em></strong></span> <span class='ocrx_word' id='word_1_192' title='bbox 206 2948 318 3032; x_wconf 75' lang='grc' dir='ltr'><strong><em>ἁπλῶς</em></strong></span> <span class='ocrx_word' id='word_1_193' title='bbox 346 2948 470 3038; x_wconf 74' lang='grc' dir='ltr'><strong><em>ἀληθὲς</em></strong></span> <span class='ocrx_word' id='word_1_194' title='bbox 498 2952 554 3018; x_wconf 82' lang='grc' dir='ltr'><strong><em>καὶ</em></strong></span> <span class='ocrx_word' id='word_1_195' title='bbox 583 2950 723 3032; x_wconf 82' lang='grc' dir='ltr'><strong><em>οὐδενὸς</em></strong></span> <span class='ocrx_word' id='word_1_196' title='bbox 751 2958 1019 3040; x_wconf 84' lang='grc' dir='ltr'><strong><em>προσδιορισμοῦ</em></strong></span> <span class='ocrx_word' id='word_1_197' title='bbox 1044 2959 1096 3020; x_wconf 90' lang='grc' dir='ltr'><strong><em>δε-</em></strong></span> 
     </span>
    </p>
   </div>
   <div class='ocr_carea' id='block_1_3' title="bbox 71 3050 1149 3680">
    <p class='ocr_par' dir='ltr' id='par_1_3' title="bbox 71 3050 1149 3680">
     <span class='ocr_line' id='line_1_25' title="bbox 75 3050 1096 3148; baseline -0.001 -23"><span class='ocrx_word' id='word_1_198' title='bbox 75 3057 220 3145; x_wconf 87' lang='grc' dir='ltr'><strong><em>όμενον,</em></strong></span> <span class='ocrx_word' id='word_1_199' title='bbox 254 3050 282 3148; x_wconf 74' lang='grc' dir='ltr'><em>ᾦ</em></span> <span class='ocrx_word' id='word_1_200' title='bbox 308 3060 427 3146; x_wconf 78' lang='grc' dir='ltr'><strong><em>χρῆται</em></strong></span> <span class='ocrx_word' id='word_1_201' title='bbox 456 3056 474 3126; x_wconf 87' lang='grc' dir='ltr'>ὁ</span> <span class='ocrx_word' id='word_1_202' title='bbox 503 3057 713 3144; x_wconf 81' lang='grc' dir='ltr'><strong><em>στοιχειωτὴς</em></strong></span> <span class='ocrx_word' id='word_1_203' title='bbox 743 3061 799 3126; x_wconf 88' lang='grc' dir='ltr'><strong><em>ἐπί</em></strong></span> <span class='ocrx_word' id='word_1_204' title='bbox 818 3084 853 3125; x_wconf 86' lang='grc' dir='ltr'><strong><em>τε</em></strong></span> <span class='ocrx_word' id='word_1_205' title='bbox 880 3063 939 3145; x_wconf 78' lang='grc' dir='ltr'><strong><em>τῆς</em></strong></span> <span class='ocrx_word' id='word_1_206' title='bbox 966 3058 1096 3141; x_wconf 82' lang='grc' dir='ltr'><strong><em>βάσεως</em></strong></span> 
     </span>
     <span class='ocr_line' id='line_1_26' title="bbox 74 3163 1149 3251; baseline 0.001 -18"><span class='ocrx_word' id='word_1_207' title='bbox 74 3165 131 3233; x_wconf 77' lang='grc' dir='ltr'><strong><em>καί</em></strong></span> <span class='ocrx_word' id='word_1_208' title='bbox 154 3175 216 3233; x_wconf 80' lang='grc' dir='ltr'><strong><em>τοῦ</em></strong></span> <span class='ocrx_word' id='word_1_209' title='bbox 240 3166 390 3251; x_wconf 81' lang='grc' dir='ltr'><strong><em>ἐμβαδοῦ</em></strong></span> <span class='ocrx_word' id='word_1_210' title='bbox 412 3164 468 3232; x_wconf 78' lang='grc' dir='ltr'><strong><em>καί</em></strong></span> <span class='ocrx_word' id='word_1_211' title='bbox 491 3167 559 3232; x_wconf 81' lang='grc' dir='ltr'><strong><em>τῶν</em></strong></span> <span class='ocrx_word' id='word_1_212' title='bbox 578 3168 706 3232; x_wconf 77' lang='grc' dir='ltr'><strong><em>λοιπῶν</em></strong></span> <span class='ocrx_word' id='word_1_213' title='bbox 725 3167 873 3249; x_wconf 80' lang='grc' dir='ltr'><strong><em>γωνιῶν·</em></strong></span> <span class='ocrx_word' id='word_1_214' title='bbox 896 3165 999 3231; x_wconf 81' lang='grc' dir='ltr'><strong><em>ταῦτα</em></strong></span> <span class='ocrx_word' id='word_1_215' title='bbox 1018 3163 1094 3250; x_wconf 85' lang='grc' dir='ltr'><strong><em>γάρ,</em></strong></span> <span class='ocrx_word' id='word_1_216' title='bbox 1113 3185 1149 3234; x_wconf 75' lang='lat'><strong><em>25</em></strong></span> 
     </span>
     <span class='ocr_line' id='line_1_27' title="bbox 75 3268 1095 3358; baseline -0.002 -18"><span class='ocrx_word' id='word_1_217' title='bbox 75 3277 197 3358; x_wconf 87' lang='grc' dir='ltr'><strong><em>φησίν,</em></strong></span> <span class='ocrx_word' id='word_1_218' title='bbox 220 3270 307 3340; x_wconf 90' lang='grc' dir='ltr'><strong><em>διότι</em></strong></span> <span class='ocrx_word' id='word_1_219' title='bbox 330 3270 525 3357; x_wconf 77' lang='grc' dir='ltr'><strong><em>ἐφαρμόζει,</em></strong></span> <span class='ocrx_word' id='word_1_220' title='bbox 548 3278 605 3337; x_wconf 87' lang='grc' dir='ltr'><strong><em>ίσα</em></strong></span> <span class='ocrx_word' id='word_1_221' title='bbox 629 3272 729 3337; x_wconf 85' lang='grc' dir='ltr'><strong><em>ἐστίν.</em></strong></span> <span class='ocrx_word' id='word_1_222' title='bbox 770 3271 885 3355; x_wconf 78' lang='grc' dir='ltr'><strong><em>ἕτερον</em></strong></span> <span class='ocrx_word' id='word_1_223' title='bbox 909 3272 957 3353; x_wconf 87' lang='grc' dir='ltr'><strong><em>δέ,</em></strong></span> <span class='ocrx_word' id='word_1_224' title='bbox 981 3268 1032 3337; x_wconf 84' lang='grc' dir='ltr'><strong><em>ὅτι</em></strong></span> <span class='ocrx_word' id='word_1_225' title='bbox 1056 3268 1095 3338; x_wconf 79' lang='grc' dir='ltr'><strong><em>τὰ</em></strong></span> 
     </span>
     <span class='ocr_line' id='line_1_28' title="bbox 74 3373 1095 3464; baseline 0 -19"><span class='ocrx_word' id='word_1_226' title='bbox 74 3384 133 3445; x_wconf 78' lang='grc' dir='ltr'><strong><em>ίσα</em></strong></span> <span class='ocrx_word' id='word_1_227' title='bbox 161 3375 342 3464; x_wconf 79' lang='grc' dir='ltr'><strong><em>ἐφαρμόζει</em></strong></span> <span class='ocrx_word' id='word_1_228' title='bbox 370 3374 540 3461; x_wconf 75' lang='grc' dir='ltr'><strong><em>ἀλλήλοις·</em></strong></span> <span class='ocrx_word' id='word_1_229' title='bbox 580 3378 680 3444; x_wconf 80' lang='grc' dir='ltr'><strong><em>τοῦτο</em></strong></span> <span class='ocrx_word' id='word_1_230' title='bbox 709 3373 746 3442; x_wconf 76' lang='grc' dir='ltr'><strong><em>δὲ</em></strong></span> <span class='ocrx_word' id='word_1_231' title='bbox 779 3373 841 3443; x_wconf 80' lang='grc' dir='ltr'><strong><em>οὐκ</em></strong></span> <span class='ocrx_word' id='word_1_232' title='bbox 873 3376 926 3442; x_wconf 76' lang='grc' dir='ltr'><strong><em>ἐπὶ</em></strong></span> <span class='ocrx_word' id='word_1_233' title='bbox 958 3375 1095 3445; x_wconf 78' lang='grc' dir='ltr'><strong><em>πάντων</em></strong></span> 
     </span>
     <span class='ocr_line' id='line_1_29' title="bbox 72 3476 1095 3570; baseline 0 -19"><span class='ocrx_word' id='word_1_234' title='bbox 72 3481 214 3569; x_wconf 76' lang='grc' dir='ltr'><strong><em>ἀληθές,</em></strong></span> <span class='ocrx_word' id='word_1_235' title='bbox 238 3480 313 3551; x_wconf 76' lang='grc' dir='ltr'><strong><em>ἀλλ’</em></strong></span> <span class='ocrx_word' id='word_1_236' title='bbox 330 3483 383 3552; x_wconf 77' lang='grc' dir='ltr'><strong><em>ἐπὶ</em></strong></span> <span class='ocrx_word' id='word_1_237' title='bbox 402 3492 472 3551; x_wconf 80' lang='grc' dir='ltr'><strong><em>τῶν</em></strong></span> <span class='ocrx_word' id='word_1_238' title='bbox 492 3479 669 3570; x_wconf 80' lang='grc' dir='ltr'><strong><em>ὁμοειδῶν.</em></strong></span> <span class='ocrx_word' id='word_1_239' title='bbox 699 3478 838 3567; x_wconf 77' lang='grc' dir='ltr'><strong><em>ὁμοειδῆ</em></strong></span> <span class='ocrx_word' id='word_1_240' title='bbox 859 3481 1000 3568; x_wconf 73' lang='grc' dir='ltr'><strong><em>δὲλέγω</em></strong></span> <span class='ocrx_word' id='word_1_241' title='bbox 1021 3476 1095 3551; x_wconf 83' lang='grc' dir='ltr'><strong><em>οἷον</em></strong></span> 
     </span>
     <span class='ocr_line' id='line_1_30' title="bbox 71 3586 1096 3680; baseline -0.001 -22"><span class='ocrx_word' id='word_1_242' title='bbox 71 3587 218 3658; x_wconf 78' lang='grc' dir='ltr'><strong><em>εὐθεῖαν</em></strong></span> <span class='ocrx_word' id='word_1_243' title='bbox 242 3588 363 3680; x_wconf 80' lang='grc' dir='ltr'><strong><em>εὐθείᾳ</em></strong></span> <span class='ocrx_word' id='word_1_244' title='bbox 385 3589 441 3657; x_wconf 79' lang='grc' dir='ltr'><strong><em>καὶ</em></strong></span> <span class='ocrx_word' id='word_1_245' title='bbox 462 3594 680 3678; x_wconf 88' lang='grc' dir='ltr'><strong><em>περιφέρειαν</em></strong></span> <span class='ocrx_word' id='word_1_246' title='bbox 698 3593 893 3677; x_wconf 80' lang='grc' dir='ltr'><strong><em>περιφερείᾳ</em></strong></span> <span class='ocrx_word' id='word_1_247' title='bbox 910 3593 972 3656; x_wconf 84' lang='grc' dir='ltr'><strong><em>τοῦ</em></strong></span> <span class='ocrx_word' id='word_1_248' title='bbox 991 3586 1096 3657; x_wconf 77' lang='grc' dir='ltr'><strong><em>αὐτοῦ</em></strong></span> 
     </span>
    </p>
   </div>
   <div class='ocr_carea' id='block_1_4' title="bbox 146 3813 815 3894">
    <p class='ocr_par' dir='ltr' id='par_1_4' title="bbox 146 3813 815 3894">
     <span class='ocr_line' id='line_1_31' title="bbox 146 3813 815 3894; baseline -0.003 -15"><span class='ocrx_word' id='word_1_249' title='bbox 146 3830 172 3879; x_wconf 78' lang='grc'><strong><em>6.</em></strong></span> <span class='ocrx_word' id='word_1_250' title='bbox 193 3818 258 3894; x_wconf 79' lang='grc' dir='ltr'><strong><em>τός]</em></strong></span> <span class='ocrx_word' id='word_1_251' title='bbox 277 3819 333 3876; x_wconf 83' lang='lat' dir='ltr'><strong>del.</strong></span> <span class='ocrx_word' id='word_1_252' title='bbox 351 3838 389 3876; x_wconf 91' lang='lat' dir='ltr'><strong><em>m.</em></strong></span> <span class='ocrx_word' id='word_1_253' title='bbox 409 3826 424 3873; x_wconf 89' lang='lat'>1</span> <span class='ocrx_word' id='word_1_254' title='bbox 444 3819 473 3874; x_wconf 91' lang='lat' dir='ltr'><strong><em>P.</em></strong></span> <span class='ocrx_word' id='word_1_255' title='bbox 550 3824 592 3874; x_wconf 80' lang='lat'><strong><em>18.</em></strong></span> <span class='ocrx_word' id='word_1_256' title='bbox 612 3813 765 3890; x_wconf 84' lang='grc' dir='ltr'><strong><em>ἐμαρμόσει</em></strong></span> <span class='ocrx_word' id='word_1_257' title='bbox 785 3818 815 3878; x_wconf 90' lang='lat' dir='ltr'><strong><em>P.</em></strong></span> 
     </span>
    </p>
   </div>
   <div class='ocr_carea' id='block_1_5' title="bbox 0 0 1212 4236">
    <p class='ocr_par' dir='ltr' id='par_1_5' title="bbox 0 0 1212 4236">
     <span class='ocr_line' id='line_1_32' title="bbox 0 0 1212 4236; baseline 0 2"><span class='ocrx_word' id='word_1_258' title='bbox 0 0 1212 4236; x_wconf 95' lang='lat' dir='ltr'><strong><em> </em></strong></span> 
     </span>
    </p>
   </div>
  </div>
 </body>
</html>
