2414 4236
276 375 286 399 ἱ

232 530 389 582 SOHOLIA
406 530 446 583 IN
463 530 738 584 mummolum
755 532 895 587 LIBRUM
907 536 940 587 X.
1025 532 1092 599 515

409 727 465 791 Ad
487 749 592 813 prop.
614 726 768 794 XXXIII.

143 850 219 917 226.
261 839 370 916 Αὗται
402 850 540 935 μητέρες
571 849 636 917 εἰσὶ
667 852 726 937 τῆς
757 855 908 937 μείζονος
934 850 1091 939 τετάρτης

75 950 212 1039 ἀλόγου.

142 1064 217 1128 227.
252 1058 330 1129 Ἐὰν
354 1052 417 1131 ὦσι
441 1061 503 1130 δύο
527 1058 676 1148 εὐθεῖαι,
700 1067 791 1131 ἔσται
815 1059 859 1144 ὡς
882 1060 902 1151 ἡ
927 1068 986 1149 μία
1008 1063 1092 1152 πρὸς

75 1163 137 1253 τὴν
169 1166 302 1255 ἑτέραν,
335 1164 440 1250 οὕτως
471 1167 510 1237 τὸ
542 1166 609 1237 ὑπὸ
640 1171 900 1258 συναμφοτέρου
931 1171 986 1238 καὶ
1013 1173 1091 1257 μιᾶς
1127 1192 1144 1243 σ

76 1273 189 1342 αὐτῶν
220 1272 304 1360 πρὸς
334 1272 373 1343 τὸ
406 1271 472 1344 ὑπὸ
505 1276 765 1363 συναμφοτέρου
795 1277 852 1344 καὶ
881 1279 939 1362 τῆς
970 1275 1092 1363 ἑτέρας.

75 1383 224 1447 ἔστωσαν
253 1379 316 1449 δύο
345 1376 476 1449 εὐθεῖαι
504 1386 543 1449 αἱ
562 1389 643 1467 AB,
667 1388 738 1451 ΒΓ.
783 1382 885 1468 λέγω,
917 1379 968 1450 ὅτι
997 1383 1088 1451 ἐστὶν

75 1484 121 1566 ὡς
143 1483 163 1572 ἡ
188 1493 253 1554 ΑΒ
276 1485 360 1571 πρὸς
381 1486 445 1573 τὴν
467 1492 541 1573 ΒΓ,
565 1485 672 1567 οὕτως
695 1486 733 1557 τὸ
756 1484 823 1556 ὑπὸ
847 1491 917 1557 τῶν
934 1495 1010 1574 ΑΓ,
1029 1494 1091 1556 ΓΒ

75 1590 161 1678 πρὸς
186 1591 225 1660 τὸ
253 1589 319 1662 ὑπὸ
347 1597 417 1662 τῶν
439 1598 519 1680 ΓΑ,
543 1601 620 1662 ΑΒ.
668 1591 765 1681 ἤχθω
792 1592 857 1680 γὰρ
884 1591 950 1662 ἆιτὸ
977 1605 1039 1662 τοῦ
1062 1601 1091 1662 Β

73 1707 114 1787 τῇ
132 1704 202 1767 ΑΓ
220 1697 302 1787 πρὸς
325 1696 433 1787 ὀρθὰς
456 1707 512 1788 ἴση
535 1704 574 1790 τῇ
594 1705 663 1768 ΑΓ
682 1697 703 1788 ἡ
724 1707 805 1785 BA,
826 1700 883 1768 καὶ
902 1708 1089 1787 συμπεπλη·
1110 1724 1144 1773 10

74 1803 200 1892 ριέσθοο
227 1802 265 1875 τὸ
293 1813 363 1875 ΑΒ
392 1805 751 1894 παραλληλόγραμμον.
799 1806 870 1875 ἐστὶ
902 1797 966 1875 οὖν
998 1808 1091 1874 ἐστιν

74 1910 118 1992 ὡς
141 1910 162 1999 ἡ
186 1920 252 1981 ΑΒ
275 1910 360 2000 πρὸς
381 1911 443 2001 τὴν
466 1918 539 1998 ΒΓ,
564 1909 671 1993 οὕτως
692 1913 731 1981 τὸ
756 1921 826 1980 AA
848 1910 932 1999 πρὸς
954 1913 992 1981 τὸ
1012 1918 1090 1998 ΔΓ,

73 2024 132 2085 καί
153 2020 222 2087 ἐστι
244 2018 282 2087 τὸ
307 2017 368 2106 μὲν
391 2029 424 2086 Α
431 2026 465 2086 A
486 2017 525 2087 τὸ
548 2015 615 2088 ὑπὸ
637 2021 708 2088 τῶν
731 2026 810 2106 BA,
833 2025 915 2106 AB,
940 2021 1090 2088 τουτέστι

72 2121 110 2190 τὸ
130 2121 196 2191 ὑπὸ
217 2128 285 2212 τῶν
298 2129 369 2209 ΓΑ,
384 2131 464 2191 AB·
488 2131 542 2210 ἴση
561 2122 627 2212 γὰρ
645 2121 818 2193 ὑπόκειται
836 2121 857 2210 ἡ
872 2132 942 2193 ΒΔ
959 2129 998 2213 τῇ
1013 2131 1088 2194 ΓΑ·

74 2253 111 2295 το
138 2229 176 2296 δὲ
194 2234 265 2297 ΔΓ
284 2230 353 2298 έστι
376 2227 413 2297 τὸ
436 2225 503 2298 ὑπὸ
523 2234 592 2299 τῶν
606 2238 686 2317 BA,
700 2237 773 2316 ΓΒ,
796 2231 946 2298 τουτέστι
964 2231 1002 2299 τὸ
1021 2229 1088 2298 ὑπὸ
1109 2254 1142 2305 ισ

73 2340 142 2405 τῶν
170 2340 250 2422 ΑΓ,
273 2340 345 2403 ΓΒ.
397 2336 454 2404 καὶ
487 2333 532 2416 ὡς
563 2334 630 2424 ἄρα
663 2333 684 2424 ἡ
714 2343 779 2404 ΑΒ
811 2338 896 2425 πρὸς
926 2335 988 2423 τὴν
1015 2343 1089 2422 ΒΓ,

75 2439 182 2522 οὕτως
204 2440 242 2511 τὸ
261 2438 327 2511 ὑπὸ
347 2445 415 2510 τῶν
429 2446 501 2530 ΓΑ,
516 2449 581 2512 AB
604 2441 690 2530 πρὸς
704 2441 742 2511 τὸ
761 2441 828 2511 ὑπὸ
844 2445 911 2511 τῶν
926 2448 1001 2529 ΑΓ,
1015 2448 1087 2511 ΓΒ·

72 2545 155 2634 ὅπερ
178 2551 247 2616 ἔδει
270 2550 383 2630 δεῖξαι.

141 2657 216 2725 228.
253 2651 325 2722 Ὅτι
357 2656 525 2742 ἐνδέχεται
557 2657 593 2724 ἐκ
626 2655 671 2742 μὴ
705 2657 817 2742 ῥητῶν
848 2661 982 2742 χορίων
1009 2676 1088 2723 συν-

73 2761 261 2847 τιθεμένων
274 2760 312 2831 τὸ
327 2759 409 2831 ὅλον
423 2767 580 2848 γίνεσθαι
595 2760 710 2848 ῥητόν,
726 2763 887 2830 ἐντεῦθεν
902 2757 946 2829 ἂν
956 2760 1088 2848 μάθοις.
1107 2787 1142 2837 νο

73 2869 234 2936 ἐκκείσθω
249 2870 332 2956 ῥητὴ
348 2865 368 2955 ἡ
385 2874 449 2934 AB
464 2868 520 2934 καὶ
535 2866 597 2934 δύο
612 2865 754 2954 ἀριθμοὶ
769 2865 872 2953 λόγον
886 2864 932 2953 μὴ
947 2873 1088 2954 ἔχοντες,

73 2968 114 3041 ὃν
133 2973 340 3061 τετράγωνος
353 2971 438 3059 πρὸς
450 2972 673 3060 τετράγωνον,
689 2976 724 3041 οἰ
735 2979 774 3059 Γ,
789 2981 834 3058 A,
851 2973 907 3040 καὶ
923 2976 1088 3059 γεγονέτω

72 3076 118 3159 ὡς
137 3075 155 3147 ὁ
170 3084 203 3147 Γ
216 3077 300 3166 πρὸς
318 3082 379 3147 τὸν
392 3086 436 3164 A,
456 3075 562 3158 οὕτως
573 3077 611 3147 τὸ
630 3076 696 3147 ἀπὸ
712 3082 770 3166 τῆς
783 3088 816 3146 A
821 3085 849 3146 B
867 3078 952 3168 πρὸς
968 3078 1007 3149 τὸ
1022 3078 1087 3148 ἀπὸ

142 3315 202 3364 226.
226 3311 257 3366 Ρ.
348 3315 409 3364 227.
438 3307 505 3363 PV⁰
528 3309 635 3379 (λῆμμα
655 3308 691 3378 Ρ,
719 3309 753 3378 λη
775 3328 815 3379 μα
833 3312 866 3379 λγ
889 3308 934 3378 V).
1026 3315 1087 3366 228.

69 3378 266 3435 PFBV⁰Vat.
286 3377 338 3450 (εἰς
356 3377 389 3434 τὸ
407 3379 450 3449 λη’
471 3379 574 3446 Nat,
594 3382 625 3448 λγ
645 3378 676 3446 Β,
695 3381 729 3433 λδ
747 3329 792 3449 ὅ).
885 3442 888 3447 ,

143 3598 168 3647 3.
189 3587 331 3661 ἀναλόγου
350 3591 380 3646 Ρ.
458 3597 482 3646 Β.
502 3586 571 3664 ὑπό]
591 3586 649 3646 ἆτιό
669 3589 733 3646 PV.
808 3598 831 3647 7.
850 3588 899 3663 αέ]
917 3586 935 3661 ἡ
954 3592 987 3645 V.
1061 3599 1087 3647 8.

73 3663 139 3735 ΓΒ]
160 3679 212 3719 σοι.
232 3667 290 3718 AB.
373 3669 398 3717 9.
421 3661 485 3734 ΑΒ]
504 3680 556 3718 τοι.
577 3666 636 3717 ΓΒ.
719 3667 761 3716 12.
782 3662 844 3733 AB]
865 3678 934 3718 corr.
954 3679 987 3717 ex
1006 3668 1087 3717 ΑΔΒ

69 3733 180 3790 m.1P.
239 3731 653 3805 1³.3A]corr.0xA13AV.
715 3732 1097 3874 14.ΓΑν.)-ιο.ισιη

72 3822 127 3861 om.
146 3804 181 3860 V.
257 3797 635 3931 14‚1‘mo'mm}'1'mdzav
653 3809 747 3859 κοῖται
765 3803 828 3873 Ρ,ι
882 3820 952 3860 corr.
1029 3807 1076 3858 ΓΛ

71 3876 171 3930 ΓΔΡ.
246 3875 456 3947 marm

896 3962 956 4020 w
