2424 4320
141 486 208 550 344
285 486 442 540 SOHOLIA
460 487 497 539 IN
516 484 792 539 ELEMENTOBUM
809 483 948 537 LIBRUM
961 482 1009 535 VI.

142 624 223 694 καθ’
244 622 399 715 ἡμιόλιον
422 625 538 713 λόγον,
561 623 582 714 ἡ
607 624 645 694 δὲ
663 632 728 694 ΑΒ
751 624 807 693 καῖ
829 622 851 711 ἡ
874 631 947 692 ΔΕ
968 627 1054 693 εἴσιν
1078 621 1157 712 ὁγώ·

141 741 246 819 λογοι.
281 730 441 812 ώσαώιως
463 733 501 801 δὲ
524 730 684 820 ὁμόλογοι
706 731 763 799 καῖ
785 729 808 818 ἦ
830 757 865 800 τε
883 735 950 799 ΒΓ
967 731 1024 798 ιιαῖ
1046 729 1157 819 ἡΕΖ,

140 840 196 907 καῖ
220 845 335 928 ἔχουσι
356 841 413 908 ιιαῖ
436 831 535 909 αὗται
554 837 637 927 πρὸς
655 835 801 925 ιἰλλήλας
820 840 1020 907 διπλασίονα
1038 835 1158 923 λόγον·

140 946 180 1014 τὰ
209 947 274 1034 γὰρ
297 937 423 1033 ι’λῖτών
446 952 467 1019 ξ
490 944 661 1030 διπλάσια,
683 942 797 1012 καὶτὰ
816 955 840 1031 ᾔ
861 948 932 1012 τών
950 936 971 1012 ἴ
989 941 1158 1012 διπλάσια

106 1077 121 1125 5
141 1053 229 1139 λέγει
252 1045 333 1139 οὖν,
357 1054 409 1122 ὅτι
432 1052 524 1123 ἐστὶν
546 1050 586 1122 τὰ
612 1049 711 1138 ὅμοια
732 1056 880 1139 τρίγωνα
903 1053 940 1119 ἐν
963 1053 1159 1119 διπλασίονι

140 1158 229 1252 λόγῳ
253 1165 321 1229 τών
346 1158 523 1247 ὁμολόγων
546 1161 715 1245 πλευρών·
752 1155 861 1244 ἤγουν
884 1160 916 1225 εί
936 1159 975 1224 αἴ
996 1153 1159 1244 ὁμόλογοι

140 1267 281 1354 πλευραὶ
304 1262 513 1353 ὑπάρχουσιν
536 1267 573 1334 ἐν
597 1262 790 1332 διπλάσιουι
812 1263 919 1356 λόγῳ,
946 1260 986 1331 τὰ
1010 1269 1159 1350 τρίγωνα

141 1369 384 1460 εὑρεθήσονται
408 1375 445 1440 ἐν
467 1374 737 1456 τετραπλασίουι,
766 1373 798 1438 εί
820 1369 858 1438 δὲ
880 1371 1003 1438 ἐκεῖναι
1027 1370 1065 1437 ἐν
1088 1395 1159 1457 ιρι-

140 1483 308 1565 πλασίονι,
330 1481 435 1546 ταῦτα
458 1478 495 1546 ἐν
519 1476 733 1558 ἑξαπλασῖονι
755 1477 811 1543 καῖ
833 1476 978 1561 καθεξῆς
1000 1473 1135 1560 ὁμοίως.

89 1690 122 1738 10
515 1673 571 1738 Ad
593 1694 698 1759 prop.
720 1672 791 1739 XX.

207 1799 260 1864 33.
298 1791 522 1881 ’Λνιιστρέφει
555 1792 621 1882 γὰρ
654 1790 673 1861 ὁ
706 1790 797 1882 ὅρος·
839 1792 902 1864 ὅσα
934 1791 1160 1880 εὐθύγραμμα

141 1900 290 1987 σχήματα
325 1898 385 1980 τώς
424 1925 460 1969 τε
495 1906 620 1988 γωνίας
662 1910 736 1980 ἴσας
767 1906 833 1989 ἔχει
864 1900 947 1968 κατὰ
984 1904 1066 1985 μίαν
1101 1900 1161 1968 ιιαῖ

139 2005 198 2087 τὰς
224 2007 300 2094 περῖ
327 2003 386 2088 τὰς
413 2015 487 2088 ἴσας
514 2012 638 2092 γωνίας
665 2009 810 2095 πλευρὰς
837 2004 1024 2092 ἀνάλογον,
1058 2003 1160 2091 ὅμοια

139 2114 283 2200 λέγεται,
319 2115 374 2182 ιιαῖ
408 2114 471 2183 ὅσα
504 2111 603 2203 ὅμοια
636 2111 786 2203 σχήματά
816 2116 900 2199 ἐστι,
935 2111 996 2192 πώς
1028 2137 1064 2180 τε
1095 2137 1160 2197 γω·

88 2237 120 2286 15
140 2224 214 2299 νίας
238 2226 311 2301 ἴσας
334 2225 399 2309 ἔχει
427 2223 482 2290 καῖ
505 2221 564 2304 τὰς
586 2224 662 2311 περῖ
685 2221 745 2302 τὰς
768 2227 843 2301 ἴσας
865 2222 989 2305 γωνίας
1011 2217 1161 2305 πλευρὰς

139 2323 319 2413 ἀνάλογον.

206 2438 257 2502 34.
292 2432 381 2503 Ἐπεὶ
404 2434 470 2521 γὰρ
494 2433 550 2504 διὰ
573 2434 637 2523 τὴν
662 2432 843 2521 ὁμοιότητα
860 2436 929 2500 τών
947 2430 1160 2516 πολυγώνων

138 2536 159 2624 ἡ
188 2538 272 2624 πρὸς
298 2545 344 2631 τῷ
370 2546 401 2607 Γ
428 2545 468 2628 τῇ
497 2539 580 2626 πρὸς
606 2544 653 2633 τῷ
677 2547 705 2607 Θ
734 2547 789 2626 ἴση
817 2540 873 2606 καῖ
896 2540 934 2605 αἴ
954 2537 1029 2621 περὶ
1054 2534 1160 2618 αὐτὰς

138 2646 278 2733 πλευραὶ
306 2644 494 2732 ἀνάλογον,
523 2643 623 2733 ὅμοια
654 2645 802 2731 τρίγωνά
826 2648 890 2713 εἴσι
918 2644 956 2711 τὸ
982 2647 1078 2711 ΒΓΔ
1100 2642 1160 2710 καῖ

86 2768 120 2817 ‘20
139 2750 176 2820 τὸ
191 2757 306 2820 ΗΘΚ.
338 2748 421 2820 ἄλλα
442 2751 485 2840 δὴ
503 2753 558 2820 ιιαῖ
577 2750 616 2820 τὸ
634 2753 731 2828 BP&
750 2751 805 2818 καῖ
824 2749 861 2818 τὸ
881 2757 921 2817 Η
922 2748 1018 2837 (W)
1043 2746 1159 2834 ὅμοια·

139 2858 301 2945 ἰσογώνια
324 2857 400 2946 γάρ,
422 2862 492 2926 ιών
515 2857 552 2926 δὲ
576 2863 765 2943 ἴσογωνίων
788 2854 964 2944 τριγώνων
983 2854 1159 2941 ἀνάλογον

139 2967 177 3030 αἴ
197 2969 351 3052 πλευραί·
382 2961 466 3033 ώστε
491 2962 548 3033 διὰ
569 2961 632 3051 τὴν
655 2963 885 3051 ἀντιστροφὴν
907 2965 968 3030 τοῦ
992 2959 1077 3049 ὅρου
1099 2962 1159 3030 καῖ

139 3070 247 3156 ὅμοια.
285 3071 446 3156 ἰσογώνια
467 3069 504 3138 δὲ
523 3068 642 3151 οὕτως·
665 3067 686 3157 ἡ
704 3068 790 3158 πρὸς
811 3073 857 3161 τῷ
878 3075 906 3136 Β
931 3075 986 3152 ἴση
1009 3069 1049 3154 τῇ
1073 3064 1159 3153 πρὸς

138 3179 183 3266 τῷ
202 3183 237 3243 Η
255 3177 311 3243 καῖ
329 3173 350 3263 ἡ
370 3174 454 3262 πρὸς
471 3180 517 3267 τῷ
538 3182 569 3245 Γ
588 3186 643 3263 ἴση
662 3186 701 3266 τῇ
720 3175 803 3265 πρὸς
821 3179 867 3268 νώ
886 3182 928 3243 Θ·
951 3175 1157 3260 προεῖείχθη

85 3306 118 3354 ‘25
138 3278 202 3366 γὰρ
235 3278 273 3347 τὸ
301 3285 403 3348 ΕΒΓ
429 3286 595 3366 τρίγωνον
628 3278 747 3367 ὅμοιον
778 3284 825 3372 τῷ
853 3285 966 3347 ΛΗΘ.
1017 3278 1102 3346 ώσιε
1135 3275 1157 3364 ἡ

212 3440 238 3509 1)
256 3440 283 3497 Ξ
300 3440 369 3494 eto
388 3441 493 3509 puncta
511 3456 546 3496 αα
565 3441 637 3508 sunt,
656 3440 685 3494 in
704 3439 806 3508 quibus
822 3443 883 3508 ΒΔ,
900 3441 952 3493 ΓΕ
971 3438 1001 3492 et
1016 3439 1083 3505 HK,
1100 3437 1157 3491 ΘΛ

138 3512 211 3564 inter
230 3525 260 3564 ιε
279 3512 385 3565 secant.

209 3675 251 3726 ει.
271 3669 387 3740 νον).
461 3676 503 3725 ιι.
524 3669 570 3725 ν’,

137 3780 349 3789 ------—-——

211 3834 251 3883 13.
271 3822 369 3901 ὅμοια]
389 3819 407 3899 ἦ
427 3825 512 3898 ὅμοια
535 3827 566 3883 V.
