2414 4236
230 477 387 528 scflomA
405 478 443 527 m
461 479 735 531 ELEMENTORUM
754 482 892 532 LIBRUM
906 482 981 535 xm.
1047 478 1112 543 659

479 637 537 701 Ad
560 659 666 722 prop.
688 636 729 702 X.

163 759 214 823 30.
249 753 347 824 Ἀλλδι
367 753 388 843 ἡ
406 753 473 825 ὑπὸ
493 764 605 825 ΛΑΝ
619 783 651 844 p.
664 761 739 845 278,
753 760 788 840 9]
813 758 986 825 τουτέστιν
1004 756 1025 843 ἡ
1043 757 1109 826 ὑπὸ

94 867 309 928 ΚΛΑΝΒΘ
330 866 438 947 γωνία
460 865 503 950 τῇ
520 861 586 931 ὑπο
605 869 781 931 ΚΒΘΝΑ
804 868 912 952 γωνίᾳ
931 864 1022 931 ἐστὶν
1042 872 1110 950 ἴση·

94 965 114 1052 ἡ
139 967 203 1052 γὰρ
223 974 295 1034 ΑΚ
316 969 509 1054 περιφέρεια
532 979 573 1057 τῇ
594 965 659 1036 ΚΒ
682 975 877 1058 περιφερείᾳ
902 969 991 1037 ἐστὶν
1015 978 1080 1055 ἴση.

162 1077 213 1141 31.
251 1081 395 1140 Μᾶλλον
420 1073 457 1142 δὲ
479 1076 535 1142 καὶ
560 1073 580 1161 ἡ
603 1082 672 1143 ΒΚ
694 1073 812 1143 εὐθεῖα
835 1079 876 1163 τῇ
898 1082 968 1142 ΚΑ
991 1072 1109 1166 εὐθείᾳ
1145 1097 1162 1146 σ

97 1187 151 1263 ἴση
176 1181 244 1247 ἐστὶ
269 1179 325 1248 διὰ
347 1179 386 1248 τὸ
409 1181 465 1248 καὶ
487 1179 546 1261 τὰς
568 1187 780 1269 περιφερείας
803 1190 877 1261 ίσας
901 1178 997 1249 εἶναι.

160 1290 210 1352 32.
252 1284 297 1353 Τὸ
325 1283 392 1353 ὑπὸ
420 1290 489 1354 τῶν
513 1293 593 1372 ΑΒ,
617 1294 690 1354 ΒΝ
712 1290 769 1354 καὶ
796 1294 877 1371 BA,
902 1291 978 1354 AN
1006 1284 1109 1356 οὐδέν

93 1388 175 1457 ἄλλο
200 1393 290 1459 ἐστὶν
313 1388 334 1479 ἢ
358 1391 395 1460 τὸ
420 1393 473 1472 δὶς
495 1389 561 1460 ὑπὸ
581 1396 650 1460 τῶν
665 1401 740 1478 AB,
755 1399 836 1478 ΒΝ,
859 1390 896 1458 τὸ
917 1390 954 1458 δέ
974 1393 1026 1471 δίς
1041 1389 1107 1459 ὑπὸ

93 1500 162 1563 τῶν
185 1505 268 1584 ΑΒ,
292 1506 364 1566 ΒΝ
393 1508 469 1566 ἴσον
498 1499 567 1566 ἐστὶ
590 1503 635 1589 τῷ
660 1496 724 1566 ἀπὸ
747 1502 806 1584 τῆς
829 1504 904 1566 ΑΒ.
949 1498 1020 1565 έπεὶ
1044 1489 1107 1565 οὖν

93 1600 132 1668 τὸ
156 1602 222 1671 ἀπὸ
245 1608 304 1689 τῆς
327 1613 391 1673 AB
416 1614 491 1673 ἴσον
516 1605 584 1672 έστὶ
607 1609 652 1695 τῷ
677 1605 729 1684 δὶς
750 1601 817 1672 ὑπὸ
841 1607 910 1671 τῶν
933 1610 1009 1689 ΑΒ,
1029 1611 1108 1689 ΒΝ,
1128 1626 1162 1676 10

94 1709 132 1776 τὸ
158 1709 195 1777 δὲ
221 1711 273 1790 δὶς
295 1709 360 1778 ὑπὸ
383 1715 452 1778 τῶν
476 1719 556 1796 ΑΒ,
580 1718 655 1778 ΒΝ
677 1718 754 1777 ἴσον
782 1711 946 1778 δέδεικται
973 1713 1018 1800 τῷ
1042 1708 1108 1777 ἀπὸ

93 1820 152 1901 τῆς
176 1822 238 1883 ΒΖ
261 1815 342 1903 μετὰ
365 1822 426 1884 τοῦ
449 1815 514 1885 ἀπὸ
538 1821 596 1903 τῆς
619 1823 704 1901 ΑΚ,
731 1817 968 1903 συμπέρασμα,
997 1813 1047 1882 ὅτι
1071 1813 1108 1883 τὸ

93 1919 157 1989 ἀπὸ
181 1927 240 2008 τῆς
258 1931 323 1991 ΑΒ
347 1931 423 1990 ίσον
441 1923 515 1990 ἐστὶ
538 1926 583 2014 τῷ
607 1920 673 1990 ἀπὸ
695 1927 755 2009 τῆς
773 1929 835 1990 ΒΖ
858 1921 938 2009 μετὰ
961 1926 1022 1990 τοῦ
1041 1918 1107 1988 ἀπὸ

93 2031 152 2112 τῆς
175 2035 253 2095 ΛΚ.

462 2119 521 2184 Ad
544 2141 650 2203 prop.
674 2118 730 2182 XI.
1128 2137 1161 2186 15

160 2242 210 2305 33.
249 2237 348 2324 Ζήτει
370 2238 434 2326 τὴν
458 2242 624 2307 ἐλάσσονα
647 2241 683 2306 έν
705 2242 752 2328 τῷ
775 2244 814 2327 ᾧ
835 2245 897 2308 τοῦ
920 2240 955 2309 ι’.

161 2348 214 2411 34.
245 2341 343 2432 Ῥητὴ
366 2346 404 2414 δὲ
427 2343 447 2432 ἡ
471 2353 536 2413 AZ
559 2371 589 2432 p.
613 2349 688 2431 280,
714 2350 768 2429 10]
794 2345 876 2433 ῥητὴ
900 2345 921 2432 ἡ
946 2354 1026 2431 ΑΖ,
1055 2347 1107 2413 ὅτι

92 2451 226 2537 ἡμίσεια
256 2455 316 2537 τῆς
344 2451 524 2538 διαμέτρου
554 2455 617 2518 τοῦ
642 2450 783 2538 κύκλου,
816 2449 837 2537 ἡ
871 2452 908 2520 δὲ
935 2448 1107 2520 ὑπόκειται

92 2556 188 2643 ῥητή·
212 2559 311 2625 τοῦτο
337 2556 374 2624 δὲ
398 2560 454 2623 δια
477 2556 515 2624 τὸ
541 2555 573 2628 ς’
598 2560 660 2626 τοῦ
684 2556 718 2624 ι’.

159 2667 212 2731 35.
251 2655 312 2731 Ὧν
341 2660 361 2748 ἡ
390 2668 494 2730 ΑΒΓ
520 2690 550 2751 p.
575 2668 654 2748 280,
680 2668 734 2748 13]
767 2662 944 2753 ἀμφότεροι
970 2665 1035 2752 γὰρ
1062 2667 1103 2735 τὰ
1123 2688 1158 2738 20

91 2768 242 2856 τμήματα
265 2767 332 2838 ὑπὸ
352 2778 435 2838 ίσωυ
455 2770 518 2838 δύο
538 2779 692 2860 πλευρῶν
710 2776 771 2838 τοῦ
789 2773 1007 2858 πενταγώνου
1026 2769 1104 2840 ἀπο-

90 2876 276 2961 τέμνονται.

158 2986 210 3050 36.
251 2984 320 3050 Καὶ
347 2987 447 3070 διπλῆ
476 2982 497 3071 ἡ
526 2990 588 3051 ΓΔ
615 2988 673 3071 τῆς
695 2989 755 3051 ΓΛ
782 3011 812 3071 p.
838 2988 917 3071 280,
942 2987 996 3067 16]
1025 3003 1103 3051 συν-

91 3089 275 3176 αχθήσεται
304 3089 422 3169 οὕτως·
459 3087 519 3156 ἐὰν
552 3091 729 3176 ἐπιζευχθῇ
759 3085 780 3174 ἡ
809 3096 895 3173 ΑΔ,
928 3097 982 3174 ἴση
1011 3093 1103 3156 ἔσται

89 3199 129 3281 τῇ
152 3206 184 3261 A
191 3202 235 3262 Γ·
267 3199 325 3275 τὰς
347 3192 412 3282 γὰρ
440 3202 514 3273 ἴσας
536 3199 748 3281 περιφερείας
775 3201 845 3261 ίσαι
868 3191 1000 3261 εὐθεῖαι
1023 3190 1102 3263 ὑπο·
1121 3219 1156 3268 25

88 3306 269 3371 τείνουσιν.
301 3299 385 3367 ἀλλὰ
404 3300 459 3366 καὶ
478 3302 516 3365 αί
531 3297 615 3387 πρὸς
627 3303 673 3389 τῷ
688 3308 721 3366 Α
734 3305 854 3384 γωνίαι
870 3308 940 3366 ίσοιι
955 3304 1102 3368 ἔσονται·

88 3408 141 3473 ἐπὶ
165 3407 228 3492 γὰρ
253 3415 337 3472 ίσων
362 3409 583 3491 περιφερειῶν
609 3415 678 3472 τῶν
702 3410 784 3489 ΓΗ,
809 3410 883 3470 ΗΔ
910 3405 1101 3492 βεβήκασιν.

90 3518 105 3524 ’
137 3517 302 3600 ‘aff
324 3545 594 3615 31.Vb(adnr.30).
644 3551 687 3601 οε.
702 3541 847 3615 Vbq(1>²);
861 3545 898 3602 ad
911 3552 1101 3617 p.278‚18sq.

89 3619 282 3687 (peruersum).
351 3624 393 3673 33.
412 3616 460 3671 V⁸.
530 3613 640 3672 3111.
714 3621 756 3672 ³5.
776 3613 825 3670 Vb,
894 3622 936 3671 36.
956 3616 1101 3688 V·q(P').

163 3747 204 3797 10.
225 3737 298 3812 έοτί]
319 3756 372 3794 om.
392 3739 425 3794 V.
483 3740 552 3811 τῶν]
572 3740 621 3806 τῆς
639 3740 693 3810 Vq.
762 3746 803 3794 17.
824 3736 879 3811 ὅτι]
900 3734 949 3809 ὀἐη
968 3741 1002 3796 V.
1057 3748 1100 3797 21.

86 3814 228 3884 πλευρῶν]
248 3812 359 3880 falsum,
379 3809 404 3871 si
418 3809 557 3866 scholium
571 3812 627 3866 huo
640 3811 770 3882 pertinet.
826 3816 869 3868 2'1.
890 3809 954 3885 ἐπί]
970 3809 1028 3868 ὀπί
1042 3813 1100 3881 Vq.

894 3901 948 3953 ⁸22*
