2414 4236
211 489 368 541 SCHOLIA
384 491 424 543 IN
441 489 716 542 ELEMENTORUM
732 490 872 542 LIBRUM
884 492 960 545 XIII.
1015 491 1078 556 661

69 653 171 714 πουν,
199 626 238 696 τὸ
263 625 328 697 ἀπὸ
351 633 410 716 τῆς
431 635 510 697 ΜΚ
531 630 569 698 τὸ
591 629 839 697 πενταπλάσιον
862 629 967 699 αὐτοῦ
990 636 1080 700 ἔσται

69 733 280 803 εἰκοσώπουν.
327 732 411 805 ώστε
437 735 475 804 τὸ
504 733 569 804 ἀπο
592 739 651 821 τῆς
673 741 742 802 ΒΚ
767 734 1016 805 ἑκατοντώπουν
1039 733 1081 806 ὂν

69 840 317 909 πενταπλάσιόν
341 843 410 909 ἐστι
432 851 494 908 τοῦ
517 838 582 908 ἀπὸ
604 844 664 926 τῆς
686 847 765 908 ΜΚ
787 839 1014 921 εέιιοσώποδος.

136 949 189 1015 39.
231 942 391 1030 Βύλόγως
412 946 661 1014 πενταπλάσιον
687 944 725 1014 τὸ
753 945 819 1014 ἀπὸ
847 950 904 1032 τῆς
926 952 995 1014 ΒΚ
1019 951 1081 1015 τοῦ

68 1048 134 1118 ἀπὸ
162 1054 223 1137 τῆς
249 1056 335 1118 ΚΜ.
383 1053 445 1118 τοῦ
471 1049 535 1139 γὰρ
564 1057 632 1118 ΖΚ
657 1049 696 1120 τὸ
718 1057 801 1118 ΚΜ
822 1052 1081 1137 πενταπλάσιον,
1117 1061 1133 1111 5

69 1147 111 1224 οὗ
135 1162 202 1223 ΖΚ
223 1155 576 1225 εἰκοσιπενταπλάσιον
598 1155 636 1224 τὸ
660 1154 726 1225 ἀπὸ
748 1165 808 1242 τῆς
826 1162 901 1223 ΒΚ.
937 1162 1082 1224 λείπεται

68 1260 135 1348 ἄρα
147 1261 395 1331 πενταπλάσιον
410 1259 499 1331 εἶναι
511 1266 573 1331 τοῦ
593 1254 634 1330 οὗ
653 1264 752 1350 μέρος
767 1268 895 1348 γίνεται
908 1260 946 1330 τὸ
962 1265 1082 1328 εἰκοσι-

69 1365 316 1436 πενταπλάσιον
339 1365 415 1454 ἥτοι
437 1367 475 1436 τὸ
500 1374 568 1435 ΖΚ
588 1365 663 1454 ἦτοι
685 1371 747 1435 τοῦ
770 1372 855 1434 ΚΜ.

136 1476 190 1541 40.
222 1471 337 1559 Λόγον
352 1471 415 1543 οὐκ
428 1477 496 1562 ἔχει
507 1500 538 1563 p.
549 1477 624 1562 284,
638 1478 674 1558 4]
690 1469 850 1561 οὐδὲγὰρ
864 1477 956 1540 ἔστιν
969 1468 1082 1559 εὑρεῖν

70 1577 221 1666 ἀριθμὸν
245 1580 456 1667 τετράγωνον
478 1578 692 1669 τετραγώνου
714 1579 972 1648 πενταπλάσιον.
1102 1589 1136 1639 10

135 1689 189 1754 41.
227 1681 487 1774 Ἀναστρέψαντι
515 1685 644 1774 ἄρα’ρ.
667 1689 748 1772 284,
776 1688 836 1769 19]
869 1685 941 1753 ἐπεὶ
967 1708 1082 1753 πεντα-

69 1791 217 1860 πλάσιόν
240 1795 308 1860 ἐστι
335 1791 375 1861 τὸ
402 1791 467 1861 ἀπὸ
496 1796 555 1879 τῆς
578 1797 647 1860 ΒΚ
669 1795 733 1860 τοῦ
755 1789 822 1860 ἀπὸ
843 1794 903 1878 τῆς
925 1796 1016 1876 ΚΜ,
1043 1789 1082 1858 τὸ

70 1896 137 1966 ἄπο
161 1903 221 1985 τῆς
243 1906 313 1967 ΒΚ
344 1897 504 1984 δηλονότι
530 1902 592 1966 τοῦ
619 1894 687 1965 ἀπὸ
715 1907 775 1984 τῆς
797 1902 880 1965 ΚΜ
904 1896 1083 1982 τέσσαρσιν

70 2001 232 2091 ὑπερέχει.
269 2008 300 2072 εἰ
317 1995 380 2072 οὖν
399 2003 664 2093 ἀναστρέψοντα,
688 2008 780 2072 ἔσται
798 2002 835 2073 τὸ
855 2001 920 2072 ἀπὸ
940 2013 999 2089 τῆς
1017 2006 1086 2069 ΒΚ

70 2107 156 2196 πρὸς
169 2108 207 2176 τὸ
222 2106 286 2176 ἀπὸ
300 2112 360 2193 τῆς
373 2115 412 2176 Ν
431 2108 556 2195 μονάδι
573 2106 746 2194 ὑπερέχον.
782 2106 821 2177 τὸ
841 2106 879 2176 δὲ
897 2103 962 2175 ἀπὸ
976 2112 1088 2235 τῆςΝ
1104 2116 1136 2168 1⁶

69 2318 107 2386 τὸ
131 2316 198 2387 ἀπὸ
221 2323 279 2408 τῆς
302 2327 371 2388 ΒΚ
391 2320 489 2388 πέντε
513 2321 598 2406 ἐστί,
627 2318 683 2386 καλ
706 2316 831 2406 μονάδι
853 2316 993 2387 ἔλαττόν
1015 2319 1084 2387 ἐστι

69 2423 107 2491 τὸ
132 2422 199 2494 ἀπὸ
217 2430 277 2512 τῆς
290 2433 329 2494 Ν
347 2429 408 2494 τοῦ
428 2423 494 2494 ἀπὸ
513 2429 573 2511 τῆς
586 2430 663 2509 ΒΚ,
685 2423 724 2492 τὸ
743 2422 809 2492 ἀπὸ
827 2424 886 2510 τῆς
899 2429 939 2490 Ν
953 2423 1085 2503 πάντως

71 2533 217 2618 τέσσαρα
240 2536 341 2602 ἔσται.
377 2529 461 2600 ὥστε
484 2530 588 2617 λόγου
611 2531 677 2612 ἕξει
699 2528 737 2597 τὸ
761 2527 828 2597 ἀπὸ
846 2530 906 2614 τῆς
919 2533 987 2595 ΒΚ
1002 2526 1085 2614 πρὸς

70 2635 109 2704 τὸ
128 2635 194 2706 ἀπὸ
213 2641 273 2724 τῆς
289 2644 334 2723 Ν,
357 2633 400 2705 ὃν
417 2637 514 2704 πέντε
532 2636 617 2726 πρὸς
636 2625 667 2705 Β.
704 2633 901 2724 ἀναστροφὴ
925 2633 963 2702 δὲ
981 2632 1085 2719 λόγου
1103 2645 1138 2697 20

72 2744 141 2812 ἐστὶ
160 2746 260 2830 λῆψις
277 2747 340 2812 τοῦ
357 2740 549 2831 ἡγουμένου
566 2741 650 2831 πρὸς
667 2738 730 2828 τὴν
749 2738 931 2828 ὑπεροχήν,
949 2729 969 2827 ᾖ
986 2736 1086 2826 ὑπερ-

72 2852 139 2937 έχει
161 2848 200 2918 τὸ
223 2847 416 2936 ἡγούμενον
438 2853 499 2918 τοῦ
523 2849 698 2935 ἑπομένου.

139 2959 193 3023 42.
226 2952 421 3041 Ἰσογώνιον
439 2960 599 3040 γίνεσθαι
616 2978 647 3039 p.
661 2956 736 3038 286,
753 2955 787 3036 3]
813 2956 905 3020 ἔσται
923 2947 1087 3036 ἰσογώνια

75 3059 195 3142 οὕτως·
218 3064 250 3129 εἰ
266 3057 330 3148 γὰρ
350 3061 560 3147 έπιζεύξομεν
578 3058 641 3145 τὴν
654 3064 731 3143 ΑΘ,
755 3055 843 3145 ὀρθὴ
863 3062 954 3125 ἔσται
969 3053 990 3141 ἡ
1004 3052 1087 3140 πρὸς

73 3172 119 3256 τῷ
144 3176 176 3235 Α
202 3170 310 3254 γωνία
339 3162 383 3247 ώς
410 3167 447 3233 ἐν
475 3165 660 3256 ἡμικυκλίῳ
688 3154 783 3232 οὖσα.
828 3167 897 3232 ἔστι
925 3161 963 3230 δέ
984 3160 1041 3229 καλ
1064 3155 1168 3259 ἧντ’

73 3270 139 3340 υπὸ
163 3278 274 3341 ΑΜΒ
297 3275 405 3358 γωνία
427 3267 531 3359 ὀρθή·
560 3272 696 3358 ἐδείχθη
719 3268 798 3356 γάρ·
820 3268 876 3337 καλ
897 3265 995 3354 κοινὴ
1018 3270 1087 3335 τών

146 3473 189 3520 39.
209 3465 249 3519 Vb
269 3469 406 3537 (extrema
423 3466 574 3534 corrupta).
646 3469 689 3520 40.
709 3481 736 3533 q.
809 3469 852 3518 41.
870 3463 936 3532 qu
950 3462 1015 3534 (1²¹).

74 3545 117 3593 42.
137 3536 200 3606 Vbq
214 3536 279 3607 (1³¹).

74 3654 288 3667 -u——o-——u-

147 3728 173 3778 3.
193 3718 392 3793 εἰκοσώιιοδος]
412 3721 463 3777 τοῦ
479 3723 568 3777 εἴκοσι
581 3718 616 3778 V.
671 3724 697 3776 δ.
716 3715 784 3793 γάρ]
798 3718 844 3775 bis
853 3718 887 3776 V.
942 3724 984 3775 15.
1002 3713 1089 3789 ὑπερ-

77 3820 155 3893 έχον]
176 3803 283 3890 ὖπνρεῖ
302 3836 328 3888 q.
402 3824 444 3876 16.
463 3819 514 3893 τῷ]
531 3815 565 3875 τό
583 3836 611 3890 q.
684 3824 725 3876 1⁹.
746 3816 818 3890 ἕξει]
838 3814 917 3873 ἔσται
934 3814 1000 3887 ἔχον
1017 3815 1052 3872 V.
