2414 4236
133 1262 192 1318 Uix
216 1261 272 1317 ulli
295 1262 347 1317 alii
371 1264 449 1334 operi
472 1264 651 1333 antiquitatis
675 1264 704 1319 id
724 1265 857 1335 contigit,
882 1267 958 1334 quod
976 1269 1006 1323 in
1023 1271 1086 1324 Ele·

61 1344 167 1400 mentis
184 1344 316 1402 Euclidis
335 1343 442 1398 iactum
456 1344 592 1411 uidemus,
612 1342 723 1399 atinde
737 1344 859 1414 aprime
875 1347 1008 1416 tompore,
1029 1366 1085 1417 quo

64 1424 174 1479 editum
194 1424 242 1492 sit,
263 1423 301 1477 ad
320 1424 446 1478 nostrum
465 1439 553 1491 nsque
570 1439 671 1478 aeuum
685 1422 816 1478 idoneum
830 1425 990 1494 haberetur,
1010 1429 1086 1496 quod

63 1504 214 1574 proposito
229 1521 282 1559 suo
297 1501 483 1558 satisfaceret.
508 1504 626 1559 Constat
636 1502 720 1573 enim,
734 1503 879 1560 Euclidem
889 1503 918 1559 in
929 1504 1084 1560 Elementis

64 1584 118 1639 hoc
137 1584 199 1638 sibi
217 1581 412 1654 proposuisse,
436 1586 468 1637 ut
487 1585 588 1650 artem,
612 1600 697 1651 quam
714 1586 830 1650 uocant,
853 1584 1084 1639 mathematicam

65 1663 217 1732 scriberet,
241 1663 317 1719 unde
334 1660 418 1716 huius
437 1662 573 1717 scientiae
592 1663 712 1718 studiosi
730 1664 821 1719 solida
840 1663 984 1718 doctrinae
1002 1661 1086 1717 initia

65 1747 95 1799 et
107 1747 182 1814 apta
196 1742 382 1797 fundamenta
391 1742 428 1795 ad
437 1740 611 1797 difficiliores
621 1743 725 1812 gradus
735 1742 871 1799 scientiae
880 1742 1085 1813 adgrediendos

65 1824 212 1893 caperent.
252 1824 282 1876 et
300 1818 372 1874 liber
390 1819 449 1874 eius
469 1820 566 1875 statim
590 1823 670 1877 tanto
693 1821 790 1878 fauore
814 1826 947 1892 exceptus
971 1827 1030 1890 est,
1053 1827 1086 1876 ut

65 1905 178 1958 ceteros
202 1899 292 1955 libros
316 1899 442 1954 eiusdem
464 1899 587 1970 generis,
613 1902 688 1958 inter
710 1919 780 1971 quos
800 1903 948 1958 Elementa
965 1902 1085 1957 Thendii

66 1999 121 2037 non
140 1981 188 2036 ita
206 1980 299 2035 multo
318 1982 384 2034 aute
404 1978 483 2034 edita
501 1983 593 2049 erant,
615 1998 728 2051 prorsus
748 1981 910 2038 obscuraret
933 1986 1014 2038 etex
1032 1999 1086 2036 usu

65 2062 259 2129 manibusque
278 2060 425 2114 hominnm
442 2064 613 2129 remoueret;
633 2063 669 2118 ad
687 2080 738 2119 nos
757 2064 852 2118 saltim
871 2062 945 2116 nihil
959 2062 1017 2118 fere
1031 2061 1087 2117 nisi

68 2141 187 2197 nomina
206 2144 237 2195 et
255 2139 425 2196 breuissima
443 2139 547 2195 notitia
565 2156 660 2197 eorum
678 2143 808 2212 peruenit
822 2144 949 2212 (Proolus
963 2142 993 2195 in
1006 2141 1085 2196 Eucl.

70 2240 97 2292 p.
112 2229 145 2278 tt
161 2239 205 2290 sq.
226 2237 261 2274 ex
279 2219 425 2288 Eudemo).
464 2235 550 2288 quare
569 2218 709 2289 uidemus,
728 2220 851 2290 reliquos
870 2221 1086 2275 mathematicos

69 2299 194 2357 Graecos
212 2300 251 2354 ad
271 2317 358 2353 unum
372 2316 469 2354 omues
484 2299 520 2353 ad
533 2299 680 2355 Elementa
693 2299 818 2354 Euclidis
833 2300 985 2368 adpellare,
1003 2299 1086 2354 rebus

67 2383 96 2437 in
113 2381 151 2436 iis
172 2377 377 2434 demonstratis
395 2381 542 2444 tamquam
560 2379 643 2433 certis
663 2379 848 2447 omnibusque
866 2378 941 2432 notis
960 2379 1015 2446 uti,
1033 2378 1087 2433 hoo

67 2461 256 2516 fundamento
276 2476 326 2513 sua
345 2474 431 2527 opera
444 2455 592 2526 instruere,
612 2459 685 2514 sicut
698 2460 755 2514 iam
769 2458 883 2513 Proclus
897 2475 925 2526 p.
942 2463 984 2527 71,
1001 2463 1033 2513 17
1045 2476 1085 2527 sq.

67 2543 144 2596 recte
170 2537 341 2594 obseruauit.
379 2536 465 2592 etiam
489 2535 537 2605 iis,
566 2538 614 2606 qui
636 2538 866 2595 mathematicam
890 2538 1007 2608 professi
1030 2555 1086 2594 non

69 2622 182 2686 essent,
201 2617 272 2672 satis
289 2621 389 2672 notum
407 2616 494 2671 fuisse
512 2617 566 2673 hoc
585 2635 655 2687 opus
673 2619 791 2688 adparet
809 2635 843 2673 ex
862 2619 931 2674 locis
949 2618 1086 2689 plurimis,

68 2700 176 2771 quibas
200 2697 365 2753 nominatur
387 2700 417 2753 et
440 2695 556 2765 citatur,
585 2698 633 2752 ubi
656 2698 765 2753 occasio
792 2713 885 2751 rerum
909 2701 1086 2754 mathemati·

66 2797 169 2837 aarum
183 2777 490 2832 commemorandarum
502 2775 686 2847 scriptoribus
701 2794 757 2833 non
771 2776 979 2834 mathematicis
989 2779 1086 2834 oblata

67 2862 126 2929 est,
152 2874 273 2927 quorum
295 2857 422 2912 locorum
446 2856 570 2927 potiores
589 2858 671 2926 posui
694 2856 723 2910 in
742 2854 827 2926 libre,
852 2854 900 2925 qui
923 2856 1086 2912 inscribitur

64 2935 420 3008 Litterargeschichtliohe
439 2934 558 2990 Studien
576 2935 645 2989 uber
663 2934 767 2989 Euklid
789 2953 817 3004 p.
838 2942 873 2990 30
892 2939 921 2991 et
938 2955 966 3006 p.
983 2943 1032 2992 193
1044 2955 1085 3004 sq.

66 3024 99 3074 et
116 3017 205 3073 hodie
225 3033 336 3087 quoque
353 3013 435 3087 pueri
448 3019 478 3070 et
490 3013 522 3068 in
535 3014 682 3070 Britannia
695 3019 725 3070 st
737 3017 767 3071 in
782 3015 882 3072 Suesia
896 3018 926 3071 et
939 3015 1003 3071 aliis
1017 3016 1087 3070 locis

63 3100 193 3170 primam
207 3096 422 3151 mathematicos
435 3094 568 3150 roduam
577 3112 612 3149 ex
621 3096 674 3150 hoc
688 3095 762 3152 libro
772 3095 929 3152 uenerabili
938 3093 1086 3160 hauriunt;

63 3177 216 3232 Britannis
234 3175 347 3244 quidem
366 3190 469 3229 nomen
483 3173 608 3229 Euclidis
626 3193 714 3247 prope
730 3177 760 3232 in
774 3174 979 3245 adpellatiuum
994 3173 1086 3227 cessit.

143 3254 198 3310 Per
215 3258 276 3311 tam
293 3254 408 3325 longum
426 3253 560 3322 temporis
578 3255 699 3324 spatium
722 3255 784 3312 lieri
806 3272 863 3309 non
884 3252 992 3320 potuit,
1020 3251 1088 3318 quin

64 3336 165 3393 multa
176 3337 352 3390 mutarentur
366 3337 395 3390 et
409 3334 513 3388 senaim
528 3349 545 3387 a
558 3334 677 3403 pristina
692 3336 784 3404 operis
798 3335 889 3389 forma
904 3331 1088 3396 declinarent,

67 3416 370 3486 quamquampropter
379 3429 423 3468 res
435 3414 482 3468 nel
491 3412 671 3469 mediocriter
685 3414 775 3469 doctis
789 3415 872 3468 notas
886 3414 915 3467 et
925 3411 1088 3481 perspicuas

68 3496 215 3564 castisque
229 3495 311 3563 quasi
324 3494 451 3549 formulis
466 3494 605 3563 expositas
619 3492 712 3548 minus
722 3510 807 3562 quam
817 3491 886 3547 alibi
900 3491 930 3546 in
941 3491 995 3546 hoc
1005 3507 1089 3559 opere

66 3572 258 3631 describendo
276 3575 467 3642 peccauerunt
483 3571 601 3628 librarii.
629 3589 723 3627 rursus
738 3574 843 3639 autem,
863 3588 925 3626 cum
941 3571 1090 3625 Elementa

65 3654 203 3711 manibus
222 3653 421 3723 magistrorum
439 3655 469 3707 et
485 3651 688 3721 discipulorum
708 3654 880 3719 tererentur,
903 3649 1000 3703 multis
1019 3647 1089 3702 locis

67 3732 326 3804 interpolabantur,
347 3749 419 3801 quae
439 3732 605 3787 docentibus
624 3730 853 3799 discentibusque
874 3728 910 3783 ad
929 3728 1017 3781 uerba
1035 3726 1089 3779 Eu-

69 3812 155 3870 clidis
174 3812 340 3881 explicanda
358 3810 439 3865 utilia
459 3811 635 3882 uidebantur,
657 3810 735 3882 quod
749 3812 828 3872 idem
841 3808 875 3869 in
890 3808 1025 3871 omnibus
1039 3807 1101 3868 eiua
