2414 4236
228 499 384 550 εοεοιεε
402 501 441 551 m
459 500 733 552 οοειιεεοοειοιι
751 500 890 553 mun
902 504 936 555 x.
1012 498 1079 564 463

66 639 111 722 ὥς
135 638 152 708 ὁ
179 644 208 708 ιῖ
235 636 318 724 πρὸς
339 650 372 724 ἒ,
405 637 511 719 οὕτως
539 636 557 707 ὁ
586 636 651 708 άπὸ
674 643 736 708 τοῦ
759 644 795 727 ἦ
821 639 906 724 πρὸς
927 641 989 710 τὸν
1013 639 1079 711 άπὸ

64 751 127 816 τοῦ
147 752 179 818 ξ·
203 745 275 831 τρὶς
292 743 357 831 γάρ
380 744 443 814 τὸν
467 743 572 814 αὐτὸν
596 744 703 833 ήγουν
725 745 785 816 τὸν
807 749 935 835 τρόπον
957 752 1020 817 τοῦ
1038 745 1080 817 ὃν

64 859 131 942 ἔχει
150 850 171 940 ή
190 860 392 936 προτεθεῖσα
411 849 529 920 εὐθεῖα
548 850 619 939 ήῆ
638 852 721 940 πρὸς
734 859 765 939 ξ,
783 855 955 923 τουτέστιν
970 857 1081 923 ἐνυεα·

64 967 224 1027 τιλασίωυ.

134 1070 187 1134 91.
217 1062 373 1133 ΗΕστω
355 1091 376 1151 η
402 1074 433 1132 Α
460 1065 667 1152 μονάδων
649 1086 684 1149 ς,
715 1064 753 1133 τὸ
783 1064 849 1135 άπὸ
883 1069 1003 1152 ταύτης
1030 1072 1078 1139 λξ.
1115 1088 1132 1138 6

66 1168 192 1240 ἔστω
176 1198 197 1258 η
219 1178 254 1238 Δ
282 1170 377 1300 μήκει
404 1168 425 1256 ἡ
453 1170 580 1257 πλευρά
607 1176 668 1241 τοῦ
695 1164 780 1254 ιιζ”
758 1198 833 1259 ητοι
854 1184 872 1241 ἒ
894 1179 930 1240 ια
957 1172 1075 1240 καὶ
1039 1201 1080 1242 τα

66 1275 179 1346 λοιπά.
216 1274 255 1343 τδι
275 1268 340 1344 οὖν
359 1275 455 1361 λξ,”
433 1302 517 1364 απερ
541 1275 670 1346 εἰσλν’
650 1276 716 1347 απὸ
739 1283 798 1367 τής
816 1280 892 1346 A*
870 1306 945 1366 ητοι
962 1283 1032 1348 τῶν
1050 1284 1081 1362 ξ,

69 1382 279 1511 σύμμετρά
260 1386 325 1451 εἰσι
344 1388 389 1476 τῷ
409 1390 446 1465 ιιζ
464 1381 609 1474 ἀριθμῷ,
629 1382 702 1452 ἀλλ’
719 1383 781 1453 οὐκ
800 1386 866 1473 ἔχει
884 1382 1022 1471 λόγον
1007 1412 1025 1453 ο
1041 1389 1081 1456 A&

67 1489 151 1575 πρὸς
168 1488 228 1557 τὸν
242 1486 324 1573 κζ,
314 1516 355 1557 ον
373 1488 581 1576 τετράγωνος
599 1488 745 1577 άριθμδς
767 1489 851 1578 πρὸς
868 1490 1080 1577 τετράγωνον

66 1593 226 1681 άριθμόν.
278 1592 488 1683 άσύμμετρος
519 1594 586 1683 άρα
618 1595 754 1665 ἐστὶν
738 1624 758 1684 η
787 1608 819 1664 Α
850 1602 889 1687 τῇ
915 1607 948 1665 Δ
976 1598 1080 1685 μήκει.
1101 1618 1134 1668 10

66 1701 106 1769 τὰ
131 1700 196 1788 γὰρ
218 1707 240 1772 ’ς’
262 1701 347 1788 πρὸς
368 1701 409 1771 τά
431 1713 449 1770 ἓ
468 1709 502 1770 τοι
525 1704 580 1769 καὶ
602 1704 643 1770 τά
665 1703 766 1772 λοιπὰ
790 1703 984 1791 ἀσύμμετρά
1003 1706 1080 1774 ἐστι.

66 1811 150 1895 μέση
175 1805 300 1876 ἐστλν“
284 1836 305 1895 η
325 1817 366 1894 Ε,
389 1834 459 1888 πως
482 1809 579 1894 δδγί
564 1815 669 1877 ίνεται
687 1836 708 1897 η
696 1807 882 1896 ’μέσης
850 1837 912 1895 την
931 1809 1080 1896 πλευράν

67 2025 128 2088 τοῦ
149 2019 275 2107 μήκους
292 2024 351 2105 τῆς
365 2029 397 2087 A
419 2021 475 2088 καὶ
494 2018 789 2107 αναβιβασον
716 2049 757 2091 τα
769 2014 913 2104 ξλεπτά
927 2020 1020 2092 κάλ’
1001 2050 1081 2091 ανα-

68 2130 212 2211 βίβασον
236 2122 273 2193 τὸ
297 2123 362 2193 άπὸ
385 2130 443 2213 τής
466 2129 568 2214 μέσης
589 2128 801 2215 τετράγωνον
823 2127 898 2216 ήτοι
921 2135 963 2197 λα
985 2134 1004 2196 ῖ
1026 2130 1081 2196 καὶ
1102 2149 1135 2198 15

66 2229 106 2298 τά
132 2230 213 2316 ἑξῆς.
250 2235 355 2299 ταῦτα
379 2229 552 2302 άνάλνσον
575 2236 630 2302 καὶ
652 2241 796 2321 ποιήσον
816 2233 916 2302 λεπτά
935 2236 992 2303 καὶ
1012 2234 1081 2303 εἰπὲ

70 2342 197 2422 γίνεται
213 2337 254 2406 οὐ
268 2343 397 2424 γίνεται
410 2339 466 2406 καὶ
486 2342 639 2427 ἐμβαλοῦ,
659 2343 715 2409 καὶ
733 2339 771 2410 τὸ
790 2340 971 2427 γινόμενον
990 2347 1082 2408 ἔσται

68 2512 89 2601 ἡ
113 2515 244 2583 τούτων
265 2516 392 2603 πλευρά
416 2515 491 2604 ήτοι
516 2450 580 2608 μιοο
603 2519 658 2585 καὶ
682 2518 722 2588 τὰ
747 2519 829 2604 ἑξῆς.

135 2696 187 2761 92.
228 2694 384 2762 Τουτέστι
411 2693 456 2782 μή
486 2613 598 2780 ὅμάιοι
627 2696 776 2763 ἐπίπεδοι
804 2722 834 2783 p.
859 2699 916 2783 32,
942 2698 995 2779 13]
1026 2691 1082 2761 διὰ

66 2797 104 2867 τὸ
129 2805 241 2888 λῆμμα
264 2806 325 2870 τοῦ
344 2800 383 2868 δ’
402 2806 463 2869 τοῦ
483 2801 517 2869 ι’.
559 2805 595 2870 oc
614 2800 679 2887 γάρ
699 2801 810 2888 ὅμοιοι
830 2804 980 2870 ἐπίπεδοι
998 2800 1082 2886 πρὸς
1100 2822 1136 2872 26

68 2902 233 2991 ἀλλήλους
256 2905 360 2991 λόγον
380 2911 526 2993 ἔχουσιν,
550 2903 591 2975 δν
610 2906 818 2993 τετράγωνος
835 2903 981 2993 άριδμός
1000 2904 1083 2991 πρὸς

67 3013 278 3097 τετράγωνον
301 3009 459 3097 άριθμόυ.

135 3121 187 3186 93.
216 3116 342 3203 Ὥσπερ
367 3121 405 3184 αί
426 3120 459 3200 ἓξ
482 3118 626 3206 μονάδες
650 3119 735 3187 εἰσὶν
760 3117 781 3205 ἡ
805 3115 923 3186 εὐθεῖα
946 3115 967 3205 ή
991 3128 1039 3204 Α,
1063 3116 1081 3187 δ

68 3224 106 3292 δὲ
130 3230 169 3295 λξ
197 3222 235 3292 τὸ
258 3221 324 3292 άπὸ
347 3228 416 3292 τῶν
440 3230 461 3296 ξ
487 3223 647 3311 μονάδων
670 3223 709 3312 ή,
739 3228 770 3292 εἰ
791 3223 922 3310 βούλει,
948 3222 987 3292 τὸ
1016 3223 1081 3293 άπὸ

66 3335 125 3458 τής
159 3340 190 3398 Α
223 3327 358 3410 εὐθείας
391 3328 675 3418 ἀναγραφόμενον
711 3329 939 3416 τετράγωνον,
978 3327 1083 3411 οὕτως
1101 3352 1136 3403 25

66 3435 107 3505 τά
132 3463 148 3504 ε
174 3465 207 3504 ια
231 3459 273 3524 μς
298 3434 428 3505 ἐστιν’
412 3464 432 3524 η
454 3445 486 3503 Λ
510 3433 677 3521 εὐθεῖα,
663 3463 681 3504 ο
706 3436 743 3504 δὲ
765 3427 906 3518 ιῖξτὸ’
886 3435 951 3504 απὸ
972 3440 1030 3523 τής
1050 3444 1083 3503 Δ

86 3550 182 3634 --91.
207 3577 255 3634 Vb.
347 3584 389 3632 92.
416 3576 477 3646 Bq·
470 3573 592 3643 ,ὀῑ
557 3598 610 3665 γαρ
633 3577 681 3632 lin.
706 3584 799 3633 20-
822 3574 1021 3648 άριδμονδίο.
1048 3583 1082 3631 22

68 3651 204 3707 etiamF
277 3657 320 3707 93.
340 3595 487 3720 V⁸qq(P);
508 3598 593 3711 siey*
567 3669 628 3704 τοι
634 3645 855 3720 ’δεάρημανς
875 3649 923 3704 cfr.
943 3668 984 3706 nr.
1004 3656 1047 3705 91.

105 3775 249 3914 Δ]6.Βιιαί]
269 3774 317 3828 καλ
336 3772 405 3832 ἓν.
490 3781 531 3830 16.
551 3770 652 3845 λεπτά]
671 3773 747 3829 λειιτ
771 3774 803 3832 V
892 3779 935 3830 26.
956 3774 994 3846 Δ]
1015 3778 1082 3840 Bq.

205 3862 232 3913 ‘l-
853 3899 856 3903 .
