2414 4236
155 496 177 561 8
525 496 726 583 z'rolxmgu
743 491 795 551 ιδ’.

157 634 281 723 φάνεια
303 636 388 722 πρὸς
409 639 473 724 τὴν
495 648 556 706 τοῦ
580 637 798 727 εἰκοσαέδρου
820 636 1035 725 ἐπιφάνειαν,
1063 638 1172 720 οὕτως

156 743 213 812 καί
236 740 318 810 αύτὸ
342 741 380 812 τὸ
404 742 637 831 δωδεκάεδρον
659 741 743 830 πρὸς
757 741 800 813 ’τὸ
818 741 1036 832 εἰκοσάεδρον
1055 743 1111 812 διὰ
1130 744 1166 811 τὸ

156 847 219 936 τὴν
239 846 346 935 αὐτὴν
365 846 451 918 εἶναι
469 850 617 919 κάθετον
636 846 701 918 άπδ
720 852 782 919 τού
797 849 940 939 κέντρον
952 854 1011 938 τῆς
1024 857 1169 937 σφαίρας

158 956 211 1025 έπί
234 959 272 1024 τὸ
296 959 357 1024 τοῦ
380 958 614 1043 δωδεκαέδρου
635 955 853 1042 πεντάγωνον
870 954 926 1025 καί
944 954 983 1025 τὸ
1001 959 1064 1025 τοῦ
1080 959 1166 1023 εἰκο-

123 1063 305 1146 5σαέδρου
323 1068 500 1150 τρίγωνον.
531 1062 698 1151 γραπτέον
722 1061 759 1130 δὲ
781 1062 838 1130 καί
860 1059 943 1151 ἡμῖν
966 1061 1091 1148 αὐτοῖς,
1114 1059 1167 1130 ὅτι

158 1167 176 1236 ὁ
201 1166 303 1248 αὐτὸς
324 1168 447 1249 κύκλος
468 1165 709 1254 περιλαμβάνει
730 1166 770 1236 τό
792 1193 828 1236 τε
849 1172 912 1238 τοῦ
936 1169 1169 1253 δωδεκαέδρου

157 1275 375 1361 πεντάγωνον
402 1274 458 1341 καί
489 1273 526 1342 τὸ
558 1284 622 1342 τοῦ
653 1274 871 1362 εἰκοσαέδρου
901 1280 1068 1361 τρίγωνον
1098 1277 1169 1343 τών

157 1387 205 1462 εἰς
228 1384 290 1468 τὴν
314 1379 420 1467 αὐτὴν
444 1395 594 1467 σφαῖραν
616 1380 894 1468 ἐγγραφομένων,
916 1382 1169 1469 προγραφέντος

157 1492 265 1557 τοῦδε.

106 1618 139 1668 10
221 1591 300 1661 ’Βδιν
328 1597 376 1673 εἰς
406 1593 531 1660 κύκλον
564 1590 782 1678 πεντάγωνον
815 1591 1015 1681 ἰσόπλευρόν
1045 1619 1081 1660 τε
1112 1592 1168 1660 καί

128 1788 133 1797 ι
158 1700 339 1787 ἰσογώνιον
363 1701 513 1787 ἐγγραφῇ
520 1749 530 1784 ,
553 1694 575 1785 ἡ
598 1695 665 1767 ὑπὸ
690 1697 753 1767 δύο
776 1697 922 1785 πλευρὰς
942 1696 1168 1767 ὑποτείνουσα

157 1807 212 1875 καί
235 1804 256 1892 ἡ
279 1809 341 1874 τοῦ
364 1804 582 1891 πενταγώνου
604 1803 858 1892 συναμφύτερος
885 1803 1028 1892 δυνάμει
1051 1815 1109 1892 τῆς
1132 1805 1168 1872 έκ

157 1915 218 1980 τοῦ
240 1912 382 1999 κέντρου
404 1916 631 1980 πενταπλασία
653 1912 753 1979 ἐστίν.

224 2022 307 2085 ἔστω
330 2015 451 2098 κύκλος
474 2014 492 2085 ὁ
511 2023 624 2101 ΑΒΓ,
646 2018 702 2085 καί
721 2019 758 2084 έν
775 2022 821 2109 τῷ
841 2024 943 2086 ΑΒΓ
961 2021 1073 2107 κύκλῳ
1092 2043 1168 2085 πεν·

105 2149 138 2197 ιε
157 2124 311 2209 ταγώνου
334 2123 460 2212 πλευρὰ
482 2129 564 2193 ἔστω
583 2121 604 2211 ἡ
625 2130 699 2209 ΑΓ,
722 2124 777 2192 καί
796 2123 951 2211 εἰλήφθω
969 2124 1007 2193 τὸ
1027 2127 1167 2209 κέντρον

156 2234 217 2298 τοῦ
240 2233 366 2299 κύκλου
389 2229 427 2299 τὸ
452 2241 499 2315 Δ,
529 2231 583 2298 καί
608 2231 660 2299 έπί
684 2234 746 2318 τὴν
769 2237 838 2298 ΑΓ
861 2230 1004 2310 κάθετος
1026 2229 1122 2317 ἤχθω
1148 2228 1167 2315 ἡ

158 2345 224 2405 ΔΖ
252 2338 308 2405 καί
338 2336 553 2424 ἐκβεβλήσθω
583 2337 636 2406 ἐπὶ
658 2337 698 2405 τά
723 2345 766 2423 Β,
786 2344 830 2421 Ε,
857 2338 912 2404 καί
937 2336 1123 2421 ἐπεζεύχθω
1148 2334 1168 2420 ἡ

157 2452 230 2511 AB.
284 2445 385 2529 λέγω,
418 2442 469 2512 ὅτι
502 2445 541 2511 τά
574 2441 639 2511 άπδ
671 2448 741 2511 τῶν
773 2450 853 2526 BA,
881 2446 951 2509 ΑΓ
976 2438 1168 2527 τετράγωνα

156 2546 384 2616 πενταπλάσιά
409 2551 478 2616 έστι
501 2553 564 2616 τοῦ
587 2547 653 2616 άπὸ
675 2552 734 2633 τῆς
758 2555 829 2614 ΔΕ
849 2545 1068 2633 τετραγώνου.

104 2679 139 2728 20
225 2652 411 2738 ἐπεζεύχθω
439 2650 459 2739 ἡ
488 2661 568 2719 ΑΒ·
607 2655 799 2738 δεκαγώνου
826 2650 892 2737 άρα
925 2653 1015 2720 ἐστὶν
1044 2650 1064 2739 ἡ
1093 2662 1167 2723 ΑΕ.

156 2759 211 2826 καί
241 2758 309 2825 ἐπεὶ
338 2761 439 2844 διπλῆ
468 2761 558 2826 ἐστιν
586 2755 607 2845 ἡ
630 2765 697 2825 ΒΕ
722 2762 780 2844 τῆς
808 2767 892 2844 ΒΔ,
925 2759 1166 2847 τετραπλάσιον

157 2863 221 2948 άριι
245 2863 313 2930 έστί
336 2862 373 2930 τὸ
393 2861 458 2931 άπὸ
478 2875 537 2951 τῆς
551 2871 617 2932 ΒΕ
633 2869 694 2934 τοῦ
713 2861 778 2934 άπὸ
798 2877 855 2953 τῆς
870 2873 946 2934 ΕΛ.
979 2877 1024 2956 τῷ
1043 2866 1080 2933 δὲ
1099 2863 1165 2933 άπὸ

156 2974 214 3056 τῆς
242 2976 307 3036 ΒΕ
338 2977 394 3037 ἰσα
426 2971 494 3037 ἐστὶ
526 2970 565 3038 τά
594 2969 660 3039 άπὸ
688 2975 757 3040 τών
786 2980 894 3040 ΒΑΕ.
945 2973 1167 3060 τετραπλάσια

157 3075 221 3161 άρα
245 3075 286 3143 τά
305 3072 370 3144 άπὸ
387 3080 455 3144 τών
469 3083 572 3145 ΒΑΕ
592 3082 653 3146 τοῦ
671 3074 737 3147 άπὸ
754 3082 812 3166 τῆς
827 3088 902 3149 ΔΕ.
941 3080 1167 3147 πενταπλάσια

154 3213 369 3232 ..---——-·

228 3279 253 3327 2.
272 3268 303 3325 τὸ
315 3267 385 3327 αύτό
401 3272 438 3326 Μ.
488 3267 534 3345 τά]
550 3274 637 3342 (tert.)
652 3272 685 3329 δέ
700 3272 758 3328 ΡΒ.
808 3279 832 3328 8.
843 3270 983 3344 κάθετον]
999 3268 1120 3327 εύδεῐαν
1130 3272 1167 3327 Μ,

192 3349 216 3397 4.
237 3342 286 3413 τό]
312 3360 366 3398 om.
386 3343 416 3399 P.
488 3340 672 3413 πεντάγωνον
691 3376 726 3386 -
744 3341 946 3413 εἰκοσαέδρου]
966 3360 1020 3398 σοι.
1039 3342 1068 3400 P.
1143 3350 1167 3397 5.

156 3413 310 3483 γραπτέον]
330 3414 390 3483 yin
403 3431 458 3469 τετε.
472 3432 508 3468 m.
526 3422 539 3470 1
559 3416 589 3470 P.
644 3413 785 3485 γραπτέον
800 3446 832 3455 -
849 3422 872 3470 7.
892 3417 1028 3483 τρίγωνον
1060 3432 1113 3469 om.
1130 3413 1167 3469 M.

195 3491 218 3538 7.
238 3479 423 3553 πεντάγωνον
442 3515 476 3526 -
497 3483 690 3555 εἰκοσαέδρου]
710 3504 764 3542 om.
783 3485 815 3542 P.
887 3490 913 3540 8.
932 3480 986 3539 αύτ
997 3483 1023 3537 ’ν
1056 3502 1110 3539 om.
1130 3485 1166 3539 M.

197 3561 235 3608 10.
261 3552 439 3631 τετράγωνον
462 3557 499 3623 V,
528 3575 598 3612 corr.
622 3576 658 3611 m.
682 3564 707 3613 2.
787 3575 818 3611 τε
844 3555 894 3610 καί
919 3505 1083 3624 ἰσογώνιον]
1113 3571 1167 3610 om.

155 3624 267 3679 PBVv.
351 3630 392 3682 11.
412 3622 443 3697 ἡ]
462 3645 517 3682 om.
536 3629 573 3684 M.
655 3624 673 3696 ἡ
692 3625 749 3683 ὖτδ
771 3659 801 3667 -
824 3632 866 3681 18.
885 3621 974 3696 έστίν]
993 3622 1024 3679 τὸ
1042 3621 1100 3679 άπὸ
1119 3626 1169 3692 τῆς

155 3697 278 3765 πλευράς
293 3696 343 3750 τοῦ
358 3694 541 3767 πενταγώνου
556 3697 604 3753 καί
618 3697 649 3754 τὸ
665 3694 724 3753 άπὸ
737 3699 787 3766 τῆς
799 3693 856 3751 ὑπὸ
872 3693 925 3750 δύο
938 3695 1068 3764 πλευράν
1087 3699 1167 3761 (corr.

158 3767 185 3821 iu
204 3763 326 3834 πλευράς
346 3768 382 3836 V)
406 3770 456 3823 τοῦ
476 3768 659 3841 πενταγώνου
679 3766 744 3837 (ἰών
762 3767 826 3823 εδδ.
846 3766 879 3835 Ρ)
896 3762 1102 3835 ὑποτεινούσης
1121 3762 1168 3820 εύ-

151 3839 241 3900 θείας
258 3835 470 3895 πενταπλάσιον
489 3839 567 3896 έσται
586 3839 655 3910 (ἐστι
671 3840 708 3909 V)
727 3845 778 3894 τοῦ
796 3833 854 3892 άπδ
870 3838 920 3906 τῆς
939 3833 971 3892 έκ
984 3837 1035 3891 τοῦ
1050 3842 1168 3907 κέντρου
