2414 4236
127 512 195 578 200
281 512 439 567 scnom
456 512 496 565 ΙΝ
513 510 789 566 mmmm!
805 512 946 565 mauu
957 512 981 565 1.

125 652 240 740 βάσεις
261 652 321 735 τὰς
343 650 447 733 αὐτάς
467 652 524 721 καλ
551 626 736 739 ποιήσομεν
762 644 906 738 ἔλλαῑ,
933 642 983 722 ών
1008 676 1051 720 τα
1078 651 1142 739 μὲν

126 759 191 828 δύο
221 763 372 848 παρῆκεν
402 756 420 827 ὁ
448 755 658 847 στοιχειωτης
683 756 724 825 τὰ
753 757 807 827 ἐπὶ
832 760 903 827 τών
932 764 1143 845 παράλληλα·

127 865 301 955 γράμμων,
325 862 365 933 τὰ
388 865 426 935 δὲ
450 864 514 934 σάο
537 866 642 946 ἔδειξε
663 860 705 932 τά
727 863 782 933 ἐπλ
803 866 872 932 τών
894 862 1079 951 τριγώνων.

465 1058 468 1063 ’
490 1060 547 1128 Ad
570 1082 674 1147 prop.
696 1059 780 1127 XLI.

90 1204 107 1252 ο
195 1187 268 1253 133.
300 1183 370 1252 Καλ
392 1180 431 1253 τὸ
455 1185 515 1271 μα’
537 1181 700 1271 θεώρημα
722 1182 862 1251 τοπικόν
885 1184 985 1251 ἐστιν.
1031 1184 1144 1264 δείξας

126 1291 163 1359 δὲ
178 1288 197 1358 ὁ
212 1290 423 1378 στοιχειωτης
436 1289 539 1377 χωρὶς
552 1288 614 1375 μλν
627 1289 668 1357 τά
680 1286 1021 1377 παραλληλόγραμμα,
1039 1288 1143 1376 χωρὶς

126 1397 163 1465 δὲ
191 1396 232 1465 τά
260 1404 408 1486 τρίγωνα
436 1398 586 1465 ἐνταῦθα
613 1400 752 1484 μίγνυσι
778 1398 847 1464 τών
877 1393 1053 1483 τριγώνων
1084 1394 1142 1463 καλ

128 1504 485 1592 παραλληλογράμμων
512 1499 687 1583 συστάσεις
712 1497 779 1570 ὑπὸ
801 1499 839 1570 τὸ
863 1496 945 1570 αὐτὸ
967 1499 1056 1583 ὕψος
1077 1526 1144 1569 κει·

126 1609 247 1696 μένων.
284 1606 398 1696 λαβών
416 1606 481 1697 γάρ
501 1606 569 1696 ἅμα
587 1604 762 1697 άμφάτερα
780 1614 919 1696 μίγνυσι
936 1608 993 1676 καλ
1008 1618 1142 1695 θεωρεῖ,

73 1734 107 1782 10
127 1712 216 1794 ὅπως
239 1720 353 1803 ἔχουσι
370 1739 455 1802 προς
472 1712 609 1801 ἄλληλα.
642 1712 726 1784 άλλά
744 1714 847 1803 χωρὶς
863 1714 926 1802 μλν
944 1713 1055 1784 ὄντων
1071 1725 1144 1785 τῶν

126 1820 482 1907 παραλληλογράμμων
513 1820 569 1888 καλ
602 1820 703 1908 γωρλς
733 1824 802 1889 τών
833 1819 1009 1909 τριγώνων
1036 1819 1056 1890 ὁ
1083 1824 1143 1908 τῆς

127 1924 278 2012 ίσότητος
301 1923 502 2013 άνεφαίνετο
525 1927 637 2012 λόγος·
673 1925 870 2015 πάνταγὰρ
899 1937 957 1996 ἴσα
983 1925 1144 2015 ἀλλήλοις

125 2029 166 2098 τὰ
194 2033 247 2099 ἐπὶ
273 2035 343 2100 τών
370 2029 482 2101 αὐτῶν
509 2033 643 2119 βάσεων
671 2033 727 2100 καλ
755 2035 792 2101 ἐν
820 2047 892 2113 ταῖς
919 2031 1035 2113 αὐταῖς
1058 2032 1141 2103 ὄντα

127 2137 352 2227 παραλλήλοις
375 2147 439 2207 εἴτε
460 2145 608 2229 τρίγωνα
632 2148 695 2207 εἴτε
718 2139 1054 2228 παραλληλόγραμμα.
1090 2142 1142 2208 ἐν·

74 2262 107 2311 16
126 2249 238 2313 ταῦθα
271 2245 308 2314 δὲ
341 2242 359 2313 ὁ
392 2247 524 2331 πρώτος
551 2244 674 2333 τρόπος
705 2246 772 2313 ἑστλ
801 2250 869 2313 τών
897 2245 1025 2313 ἀνίσων
1050 2244 1068 2313 ὁ
1093 2250 1141 2313 ιλι-

127 2351 279 2432 πλάσιος·
323 2350 360 2420 τὸ
395 2349 460 2437 γάρ
493 2350 842 2438 παραλληλόγραμμον
875 2355 936 2419 τοῦ
971 2352 1143 2438 τριγώνου

127 2457 306 2526 διπλάσιον
335 2457 552 2527 άποδείκνυσι
581 2461 639 2544 τῆς
667 2455 770 2544 αὐτῆς
799 2458 900 2544 οὔσης
928 2456 1058 2543 βάσεως
1085 2460 1141 2526 καὶ

126 2560 237 2643 ὕψους
263 2567 324 2631 τοῦ
353 2563 468 2631 αὐτοῦ.
514 2564 641 2647 ἰστέον,
670 2560 721 2630 ὅτι
749 2562 812 2631 δύο
841 2565 998 2632 πτώσεων
1027 2563 1142 2633 οὐσών

127 2670 164 2736 ἐν
183 2673 228 2759 τῷ
247 2666 453 2754 θεωρήματι,
473 2662 548 2736 οἷον
562 2672 620 2754 τῆς
635 2666 737 2754 αὐτῆς
750 2667 879 2754 βάσεως
894 2670 997 2757 οὔσης
1011 2668 1143 2758 άμφοῑν

73 2793 108 2841 20
127 2777 172 2866 τῷ
195 2800 230 2841 τε
253 2773 588 2864 παραλληλογράμμῳ
611 2774 667 2840 καὶ
689 2778 735 2865 τῷ
757 2775 911 2868 τριγώνῳ
930 2773 1059 2865 ἀνάγκη
1078 2777 1143 2864 τὴν

126 2879 282 2968 κορυφὴν
311 2885 398 2967 ἔχειν
427 2878 464 2947 τὸ
493 2884 659 2966 τρίγωνον
687 2874 708 2966 ἢ
732 2879 827 2960 ἐντὸς
849 2886 911 2950 τοῦ
933 2891 1141 2971 παραλληλο-

125 2986 281 3075 γράμμου
313 2982 334 3073 ἢ
367 2984 475 3069 ἐκτός,
513 2981 531 3052 ὁ
570 2984 779 3073 στοιχειωτὴς
809 2991 849 3076 τῇ
887 2985 982 3078 ἑτέρᾳ
1018 2990 1142 3059 πτώσει

126 3093 302 3181 ἐχρήσατο·
323 3091 386 3180 τὴν
405 3089 470 3179 γὰρ
489 3094 550 3159 τοῦ
573 3090 741 3177 τριγώνου
763 3093 918 3181 κορυφὴν
942 3095 1036 3175 ἐκτὸς
1057 3093 1141 3164 ὑπο-

126 3201 271 3286 θέμενος
284 3201 345 3266 τοῦ
363 3196 713 3284 παραλληλογράμμου
730 3195 768 3266 τὸ
787 3206 1008 3288 προκείμενον
1028 3208 1143 3286 ἔδειξε.

56 3329 109 3391 ¹25
129 3304 192 3373 δύο
217 3303 254 3372 δὲ
277 3299 392 3370 οώσών
414 3302 638 3389 παραλλήλων
661 3302 806 3372 εὐθειῶν
830 3303 959 3394 ἀνάγκη
987 3308 1048 3396 τὴν
1076 3311 1140 3398 μλν

129 3416 262 3498 μείζονα
286 3404 388 3493 εἶναι,
416 3405 478 3495 τὴν
502 3407 539 3475 δὲ
563 3408 738 3497 ἐλάττονα,
766 3415 823 3479 ἵνα
851 3414 1142 3503 ἐπιζευγνυμένων

127 3520 266 3600 συσταίη
299 3515 354 3582 καὶ
385 3520 568 3600 τρίγωνον,
601 3516 669 3583 ίπελ
703 3525 787 3585 ίσων
816 3517 929 3588 οὐσών
957 3531 1025 3589 τών
1057 3549 1140 3608 παρ-

124 3644 391 3763 “aff-(sq).

192 3860 235 3910 18.
259 3852 328 3928 δύο]
347 3873 377 3910 ·ο
394 3852 425 3908 in
442 3869 497 3909 ras.
516 3851 549 3911 V.

65 3944 80 3999 Ι
