2414 4236
234 492 393 546 scfloffl
410 494 449 545 m
465 494 743 548 ELEMENTOBUM
760 496 898 549 LIBRUM
912 497 934 549 1.
1044 494 1085 560 81

69 633 275 720 κινουμένης
296 633 372 720 περὶ
393 632 455 702 τδν
477 633 599 721 ἀξονα,
631 646 692 703 τοῦ
721 636 758 704 δὲ
786 641 927 724 σημείου
950 637 1003 704 ἐπὶ
1029 640 1089 723 τῆς

70 738 217 819 εὐθείας.
260 740 324 807 δύο
346 745 467 809 τοίνυν
491 744 529 808 αλ
548 741 696 828 κινήσεις
718 747 757 810 αλ
776 741 1008 829 ἀπογενυῶσαι
1031 743 1087 811 καλ

71 844 137 932 τὴν
156 844 319 933 τοιαύτην
342 847 448 915 ἕλικα·
476 844 537 916 οὐκ
560 846 626 933 ἀρα
648 851 687 916 τὸ
711 845 842 917 ἁπλοῦν
864 847 1087 936 ἀποδώσομεν

73 950 168 1041 αὐτῇ,
191 952 246 1019 καλ
270 949 385 1037 ὀρθῶς
403 950 421 1021 ὁ
442 958 584 1040 Γεμῖνος
602 956 638 1022 ἐκ
657 954 823 1023 πλειόνων
840 954 903 1042 μὲν
920 954 1086 1042 κινήσεων
1178 1017 1182 1024 .

72 1055 284 1144 ὑφίστασθαι
306 1064 365 1126 καί
381 1086 456 1126 τινα
479 1064 548 1128 τῶν
570 1059 686 1128 ἁπλῶν
706 1065 882 1149 γραμμῶν·
914 1059 957 1129 οὐ
971 1064 1087 1148 μέντοι
1124 1086 1140 1134 5

72 1168 188 1233 πᾶσαν
213 1161 301 1232 εἶναι
323 1163 386 1250 τὴν
408 1165 569 1251 τοιαύτην
596 1166 732 1253 μικτήν,
760 1165 844 1234 ἀλλὰ
867 1165 931 1253 τὴν
954 1169 988 1248 ἐξ
1011 1166 1088 1235 ἀνο·

70 1277 190 1359 μαίων.
234 1270 291 1337 καί
314 1270 379 1356 γὰρ
402 1275 434 1338 εί
453 1270 664 1357 τετράγωνον
686 1271 843 1358 νοήσειας
864 1273 920 1339 καὶ
949 1270 1012 1339 δύο
1041 1298 1088 1340 κι-

70 1375 187 1464 νήσεις
210 1380 374 1464 ἰσοταχεῖς
395 1375 458 1462 τὴν
481 1376 544 1463 μὲν
566 1376 649 1444 κατά
669 1376 707 1445 τὸ
726 1382 840 1465 μῆκος,
864 1377 927 1465 τὴν
951 1378 988 1446 δὲ
1005 1376 1089 1445 κατὰ

71 1481 113 1550 τὸ
136 1481 269 1567 πλάτος,
291 1479 515 1569 ύποστήσεται
537 1479 558 1570 ἡ
584 1482 764 1570 διαγώνιος
787 1483 904 1552 εὐθεῖα
928 1475 1014 1552 οὖσα
1032 1484 1088 1552 καὶ

75 1586 120 1657 οὐ
143 1586 199 1656 διὰ
220 1592 319 1657 τούτο
343 1587 449 1676 μικτή.
493 1588 598 1670 δόξειε
627 1587 658 1656 δ’
684 1585 728 1658 ἀν
751 1587 952 1677 ἀμφοτέρων
975 1588 1087 1659 οὐσῶν
1107 1614 1141 1663 10

74 1694 194 1762 ἁπλῶν
212 1704 433 1782 προηγεῖσθαι
451 1699 510 1781 τῆς
527 1700 729 1783 περιφεροῦς
747 1700 899 1784 γραμμῆς
917 1694 938 1784 ἡ
958 1694 1088 1765 εὐθεῖα·

72 1801 128 1870 ἐπί
141 1800 265 1888 ταύτης
277 1800 339 1887 μὲν
352 1799 418 1888 γὰρ
433 1798 513 1869 οὐδὲ
527 1797 599 1869 κατ’
612 1801 763 1870 ἐπίνοιάν
774 1806 864 1872 ἐστιν
876 1801 1089 1891 ἀνομοιότης,

72 1909 128 1976 ἐπὶ
157 1907 195 1976 δὲ
221 1911 285 1976 τοῦ
310 1913 513 1996 περιφεροῦς
539 1908 576 1977 τὸ
605 1917 721 1977 κοῖλον
746 1907 862 1996 ὁρᾶται
885 1892 940 1977 ubl
963 1907 1088 1995 κυρτὸν

75 2014 296 2101 διαφέροντα,
331 2012 387 2080 καλ
419 2010 440 2096 ἡ
474 2010 590 2081 εὐθεῖα
619 2010 660 2081 ού
688 2014 877 2101 συνεισάγει
904 2016 967 2103 τὴν
998 2041 1087 2104 περι-

74 2121 225 2206 φέρειαν,
248 2117 480 2201 συνεισάγεται
500 2119 549 2186 δέ·
571 2120 627 2186 καὶ
646 2118 711 2206 γὰρ
730 2125 761 2187 εί
777 2118 822 2207 μὴ
841 2119 924 2188 κατὰ
943 2122 1086 2207 γένεσιν,
1106 2145 1139 2195 ιτ

74 2225 157 2295 κατά
180 2252 218 2312 γε
240 2223 304 2311 τὴν
326 2222 410 2309 πρὸς
431 2224 469 2293 τὸ
489 2226 630 2313 κέντρου
649 2226 772 2311 σχίσιν.
800 2232 835 2293 τί
851 2217 926 2310 οὖν,
949 2232 980 2293 εἰ
997 2228 1088 2310 λέγοι

73 2358 134 2417 τις,
157 2332 213 2399 καί
230 2329 294 2417 τὴν
311 2332 526 2418 περιφέρειαν
545 2335 680 2399 δεῖσθαι
697 2332 757 2417 τῆς
774 2326 909 2409 εὐθείας
926 2328 1009 2396 κατὰ
1028 2329 1090 2417 την

72 2440 223 2526 γένεσινς
248 2434 266 2505 ὁ
289 2436 356 2524 γὰρ
377 2440 498 2516 κύκλος
521 2437 688 2524 μενούσης
710 2439 769 2522 τῆς
792 2433 928 2514 εὐθείας
950 2432 1033 2502 κατὰ
1050 2432 1089 2502 τὸ

72 2549 112 2614 ἓν
130 2545 244 2632 πέρας,
267 2541 351 2611 κατὰ
370 2542 407 2610 δὲ
425 2541 463 2611 τὸ
483 2544 598 2630 ἕτερον
616 2544 816 2629 κινουμένης
838 2547 973 2628 γίνεται.
1010 2534 1088 2628 ἢτδ

71 2651 210 2740 γράφον
232 2648 293 2718 τὸυ
316 2650 440 2719 κύκλον
462 2648 501 2718 τὸ
525 2648 664 2736 σημείόν
682 2650 772 2718 ἐστιν
791 2650 865 2737 περὶ
885 2650 944 2718 τὸν
962 2648 1088 2717 κύκλου
1107 2675 1142 2725 20

73 2758 278 2845 φερόμενονς
306 2754 368 2843 τὴν
390 2755 455 2842 γὰρ
479 2755 663 2824 ἀπόστασιν
686 2758 792 2842 μόνον
816 2754 900 2843 αὐτη
928 2754 1088 2844 ἀφορίζει.

73 2861 162 2931 ἀλλὰ
184 2866 290 2931 ταῦτα
313 2861 374 2948 μὲν
397 2859 516 2947 οὕτως,
538 2861 593 2928 καὶ
616 2859 721 2929 ἁπλαῖ
741 2862 849 2950 μόνον
872 2866 910 2929 αἱ
931 2862 1011 2947 δύο,
1034 2862 1089 2930 καὶ

74 2968 134 3039 διδι
157 2967 284 3054 ταύτην
306 2965 368 3054 τὴν
391 2972 502 3036 αίτίαυ
525 2967 581 3034 καὶ
603 2965 624 3054 ἡ
648 2968 737 3055 ψυχὴ
761 2971 883 3036 ἐκτῶν
903 2967 978 3051 δύο,
1000 2993 1090 3052 περι·

76 3079 204 3162 φεροῦς
226 3075 281 3143 καλ
304 3071 455 3160 εὐθείας,
487 3071 611 3160 ύπέστη
639 3079 673 3143 ἐκ
696 3076 837 3161 πέρατος
858 3072 914 3140 καλ
938 3070 1088 3159 ἀπείρου,

74 3184 135 3250 ἵνα
157 3179 199 3248 τὰ
220 3179 306 3248 ἀλλα
328 3179 437 3248 πάντα
459 3180 668 3269 κατευθύνη,
697 3180 753 3248 διὰ
782 3179 843 3266 μὲν
866 3182 927 3248 τού
949 3180 1091 3269 πέρατος
1108 3204 1144 3253 25

75 3286 139 3373 τὴν
161 3291 222 3356 τοτ’
242 3288 383 3374 πέρατος
405 3292 616 3373 συστοιχίαν,
640 3285 696 3354 διὰ
721 3286 757 3355 δὲ
780 3289 842 3354 τού
865 3282 1005 3371 ἀπείρου
1028 3285 1090 3372 τὴν

77 3393 208 3480 ἑτέραν·
240 3397 286 3486 τῷ
310 3392 372 3480 μὲν
395 3391 494 3461 εὐθεῖ
513 3390 576 3479 τὴν
597 3395 747 3479 πρόοδον
769 3389 959 3478 ὑφίσταται,
984 3395 1027 3483 τῷ
1053 3391 1090 3459 δὲ

76 3511 253 3587 περιφερεῖ
277 3496 338 3585 τὴν
371 3498 585 3585 ἐπιστροφήν.
630 3499 686 3565 καί
713 3497 780 3585 μὴν
808 3497 863 3564 καλ
892 3494 910 3565 ὁ
936 3501 976 3586 τῇ
1000 3501 1089 3584 ψυχῇ

75 3603 201 3684 ταύτας
233 3606 293 3684 τὰς
324 3604 483 3691 δυνάμεις
509 3605 682 3690 παραδούς
708 3601 908 3691 ἀμφοτέρων
937 3609 1003 3690 ἔχει
1032 3602 1091 3683 τὰς

152 3769 195 3819 10.
219 3762 340 3830 δόξειας.
434 3771 475 3819 17.
499 3763 565 3836 καί]
584 3758 628 3818 ὅτι
646 3765 708 3830 καί;
728 3761 775 3818 cfr.
795 3763 908 3818 Proelus
926 3781 956 3834 p.
977 3769 1046 3834 101,
1065 3769 1097 3818 λ..

114 3840 159 3890 2¹1.
179 3831 318 3902 πρόοδον.

125 3932 270 3980 houden,
286 3930 333 3971 odd,
347 3931 487 3982 Ηοίθετςοτ
500 3935 591 3989 Menae,
617 3939 646 3984 V.
933 3938 953 3989 (Β
