2414 4236
218 466 375 518 SCHOLIA
393 468 432 519 IN
449 467 724 520 ELEMENTORUM
743 468 883 520 LIBRUM
897 469 920 519 Ι.
1007 464 1073 530 219

56 607 112 676 καί
135 605 265 685 στάσεις
291 606 347 674 καί
370 606 563 695 παραβολάς
590 609 828 694 παραδέδωκεν
854 605 1070 695 ἐφαψάμενος

56 714 113 780 καὶ
135 715 197 780 τοῦ
218 712 412 800 παραδόξου
439 712 545 782 τόπου
567 718 637 783 τῶν
660 713 891 802 θεωρημάτων
919 714 975 781 καὶ
1004 717 1072 782 τῶν

54 823 204 888 τοπικῶν
227 817 341 888 αὐτῶν
364 819 594 907 θεωρημάτων
618 823 741 900 ίκανῶς
760 818 847 908 ἡμᾶς
866 821 1072 907 ἀναμνήσας,

55 937 125 995 τῶν
136 946 179 994 ’τε
195 929 391 995 καθολικῶν
408 927 464 994 καί
482 937 549 995 τῶν
567 927 622 995 ἐπὶ
640 929 763 1015 μέρους
780 928 841 1015 τήν
864 933 1072 1014 στοιχείωσιν

55 1034 199 1120 ἐκφῆναι
231 1033 431 1120 δυναμένων
462 1034 518 1100 καί
546 1036 614 1102 τῶν
643 1031 845 1121 άδιορίστων
873 1033 929 1101 καὶ
957 1038 1070 1122 διωρι-
1108 1060 1124 1110 5

55 1140 188 1226 σμένων
207 1127 459 1226 προβλημάτων
471 1137 534 1226 τήν
555 1138 725 1228 διαφοράν
739 1139 971 1228 ἐνδειξάμενος
990 1137 1072 1209 ὅλον

54 1243 92 1314 τὸ
110 1246 145 1313 α’
159 1251 295 1333 βιβλίον
308 1249 356 1325 είς
375 1246 435 1313 ἕνα
455 1243 583 1314 σκοπὸν
602 1245 763 1334 ἀνήνεγκε
781 1246 844 1334 τήν
864 1251 1073 1333 στοιχείωσιν

54 1355 113 1439 τῆς
135 1352 210 1437 περὶ
228 1355 299 1418 τῶν
316 1348 559 1419 ἁπλουστάτου
579 1348 830 1452 εὐθυγράμμων
849 1357 996 1438 θεωρίας
1012 1351 1073 1433 τάς

53 1483 90 1526 τε
118 1455 292 1537 συστάσεις
320 1455 434 1524 αὐτῶν
462 1456 606 1544 ἐξευρῶν
634 1458 689 1525 καί
716 1458 758 1524 τά
786 1455 866 1526 καθ’
893 1455 978 1526 αὑτα
1009 1456 1071 1526 ὑπ-

54 1563 204 1651 άρχοντα
226 1562 342 1643 αὐτοῖς
364 1560 653 1651 άνασνειμάμενοςζ
1093 1589 1126 1638 10

127 1673 198 1739 158.
229 1667 331 1757 Ὀρθή
350 1668 418 1757 γάρ.
434 1670 525 1737 ἐστιν
544 1668 564 1756 ἡ
583 1667 649 1738 ὑπὸ
666 1677 735 1737 ΔΑ
742 1675 774 1737 Γ
786 1696 817 1756 p.
839 1673 911 1758 114,
930 1675 987 1755 25]
1008 1668 1073 1739 άπὸ

53 1774 120 1865 γάρ
143 1786 205 1844 τοῦ
228 1784 260 1843 Α
283 1781 424 1864 σημείου
446 1779 485 1865 τῇ
510 1783 580 1844 ΑΓ
604 1774 723 1868 εὐθείᾳ
746 1775 829 1864 πρὸς
852 1774 960 1865 ὀρθάς
982 1775 1072 1865 ήχθη

54 1908 77 1969 η
101 1890 180 1953 ΑΔ.

125 1992 197 2058 159.
226 1987 450 2076 Ἀντιστρέφει
474 1988 535 2075 μέν
557 1993 658 2058 τοῦτο
681 1993 727 2079 τῶ
754 1989 820 2077 πρὸ
848 1989 954 2059 αὐτοῦ
976 1991 1068 2079 ζθεω-

54 2094 179 2183 ρήματι
195 2095 251 2163 καὶ
271 2093 353 2163 ὅλον
370 2094 454 2183 πρὸς
473 2095 555 2164 ὅλον
575 2092 797 2181 άντιστρέφει.
835 2100 866 2163 εί
882 2098 947 2184 γδιρ
968 2095 1071 2185 ὀρθο-
1093 2119 1126 2169 16

53 2201 197 2291 γῶνιον,
221 2228 259 2270 το
283 2199 350 2270 ἀπὸ
372 2205 432 2289 τῆς
454 2199 698 2285 ὑποτεινούσης
721 2208 798 2268 ίσον
821 2215 891 2280 τοῖς
914 2201 980 2270 άπὸ
1004 2214 1072 2271 τῶν

53 2313 193 2395 λοιπῶν,
210 2308 266 2375 καὶ
281 2312 312 2375 εί
325 2310 362 2376 τδ
379 2306 445 2376 άπὸ
459 2308 581 2394 ταύτης
596 2315 672 2375 ίσον
686 2319 757 2386 τοῖς
771 2304 834 2380 άπδ
850 2310 919 2374 τῶν
933 2313 1073 2394 λοιπῶν,

55 2412 272 2504 ὅρθογῶνιόν
306 2416 375 2482 ἐστι
404 2412 442 2482 τὸ
473 2420 640 2501 τρίγωνον
669 2410 780 2501 ὀρθήν
809 2417 886 2499 ἕχον
913 2415 976 2498 τὴν
1004 2410 1071 2481 ὑπὸ

52 2525 123 2591 τῶν
145 2524 274 2590 λοιπῶν
297 2521 545 2607 περιεχομένην.
592 2520 648 2588 καλ
676 2518 697 2607 ή
726 2519 789 2607 μὲν
816 2516 987 2601 ἀπόδειξις
1011 2522 1072 2588 τοῦ

55 2630 271 2714 στοιχειωτοῦ
295 2625 434 2714 φανερά.
1069 2649 1126 2698 420

127 2732 173 2801 Τὸ
197 2732 259 2819 μέν
283 2725 346 2800 οὖν
369 2737 502 2821 πρῶτον
527 2738 659 2819 βιβλίον
683 2731 760 2820 άχρι
783 2733 914 2801 τούτων
943 2730 961 2802 ὁ
987 2753 1073 2801 στοι-

56 2838 195 2927 χειωτής
223 2838 482 2927 συνεπλήρωσεν
512 2838 617 2908 πολλά
647 2839 708 2927 μὲν
738 2837 972 2926 άντιστροφῶν
998 2843 1071 2926 είδη

56 2942 244 3028 παραδούς·
262 2946 318 3014 καί
333 2945 397 3034 γὰρ
413 2943 475 3014 ὅλα
489 2945 648 3025 πολλάκις
666 2943 890 3032 άντέστρειγεν
908 2947 992 3031 πρὸς
1011 2943 1073 3013 ὅλα

56 3050 113 3120 καὶ
138 3048 200 3119 ὅλα
222 3051 306 3138 πρὸς
328 3054 411 3140 μέρη
435 3053 490 3120 καὶ
514 3053 596 3140 μέρη
620 3051 704 3139 πρὸς
723 3053 806 3140 μέρη
830 3050 1072 3138 θεωρημάτων·

56 3156 185 3245 πολλήν
209 3157 246 3226 δέ
264 3165 434 3227 ποικιλίαν
452 3158 699 3246 προβλημάτων
717 3156 909 3245 ἐπινοήσας·
933 3156 1073 3246 καὶγὰρ
1092 3175 1127 3226 κο

56 3263 203 3335 εὐθειῶν
229 3265 334 3352 τομάς
360 3266 416 3332 καὶ
438 3268 573 3351 γωνιῶν
600 3265 655 3332 καί
678 3265 792 3343 θέσεις
818 3264 875 3331 καὶ
898 3263 1075 3343 συστάσεις

55 3371 113 3440 καλ
136 3369 332 3460 παραβολάς
353 3373 603 3459 παραδέδωκεν·
636 3369 850 3457 ἐφαψάμενος
874 3369 912 3437 δέ
934 3371 989 3438 καλ
1012 3373 1073 3438 τοτ’

56 3477 251 3564 παραδόξου
274 3479 459 3565 λεγομένου
481 3479 587 3547 τόπον
608 3481 677 3546 τῶν
701 3474 910 3564 μαθημάτων
933 3476 988 3543 καὶ
1005 3478 1074 3543 τῶν

131 3661 190 3710 168.
208 3655 236 3710 b.
312 3660 371 3710 159.
390 3655 419 3710 P.

57 3767 272 3777 —...-.

132 3822 173 3871 16.
191 3814 262 3887 τοῖς]
284 3815 334 3883 τής
352 3813 383 3868 P.
462 3819 502 3870 17.
522 3815 592 3888 τοῖς]
612 3833 656 3870 τοι
675 3813 706 3871 Ρ.
782 3819 830 3871 ⁴23.
848 3808 1025 3885 ἀνέστρεφεν
1041 3812 1083 3866 ἲ.
