2414 4236
128 520 192 587 198
278 520 435 576 sellom
452 522 493 575 m
509 512 786 575 mmmm
801 518 978 575 mun

126 663 312 750 δεδομένον
335 664 372 730 έν
393 661 543 748 τούτοις,
572 660 659 730 ἀλλὰ
681 660 783 749 μέρος
802 658 999 749 προσλαβὸν
1018 662 1080 747 τῆς
1101 660 1141 729 ἐν

126 772 269 850 ἐκείνοις
284 765 489 850 ὑποθέσεως.
519 766 560 837 τδ
572 765 638 857 γὰρ
651 768 706 837 ἐπλ
718 771 779 855 τῆς
790 764 896 855 αὐτῆς
907 763 996 836 εἶναι
1008 765 1142 853 δύσεως

126 871 147 961 ἢ
172 876 224 943 έκλ
249 881 333 944 ίσων
355 875 412 943 καλ
434 875 489 943 έπλ
511 872 642 943 τούτων
668 874 803 943 δέδοται
829 873 886 942 καλ
913 869 965 943 ἐπ’
989 874 1141 959 ἐκτείνων,

125 978 215 1066 πλὴν
237 976 290 1049 ὅτι
311 981 523 1067 προσέθηκεν
546 982 584 1049 ἐν
601 992 675 1060 ταῖς
691 974 876 1049 ὑποθέσεσι
892 976 1040 1064 ταύταις,
1062 974 1140 1047 δέν

90 1087 266 1167 σε’κείνοις
290 1084 373 1172 μήτε
403 1084 607 1172 ζητούμενόν
634 1087 726 1154 ἐστιν
752 1084 835 1173 μήτε
862 1085 1060 1172 δεδομένον·
1097 1082 1137 1152 τδ

125 1192 190 1278 γὰρ
214 1193 267 1260 ἐπὶ
289 1192 330 1259 τὰ
353 1190 438 1260 αὐτὰ
461 1194 545 1279 μέρη
568 1193 696 1273 ἔξωθεν
716 1198 965 1279 προσείληπται

193 1303 267 1369 131.
299 1295 374 1366 Ὅτε
405 1298 468 1385 μέν
500 1296 562 1385 τήν
594 1297 730 1386 ἰσότητα
757 1298 931 1367 δεικνύναι
956 1296 1140 1385 πρόκειται,

124 1405 198 1474 τότε
220 1408 360 1492 τέτταρα
381 1403 584 1491 θεωρήματα
606 1404 667 1474 τὸν
688 1401 841 1492 ἀριθμὸν
862 1408 1053 1493 ἐποιοῦμεν,
1075 1402 1139 1473 δύο

126 1512 188 1598 μὲν
212 1514 265 1581 ἐπὶ
287 1515 356 1580 τών
378 1513 748 1600 παραλληλογράμμων,
772 1508 836 1580 δύο
856 1509 895 1580 δέ
912 1510 967 1580 ἐπὶ
983 1513 1054 1579 τών
1070 1534 1141 1597 τρι-

74 1640 108 1689 10
126 1618 248 1704 γούνων
280 1620 507 1706 λαμβάνοντες
538 1612 561 1705 ἢ
594 1616 648 1684 ἐπὶ
679 1620 750 1685 τών
772 1614 887 1686 αύτών
915 1611 938 1706 ή
970 1618 1024 1687 ἐπὶ
1056 1624 1140 1687 ίσων

124 1730 260 1810 κείμενα
283 1725 425 1812 βάσεων.
468 1723 549 1792 νυνλ
571 1722 610 1791 δὲ
632 1719 911 1812 ἀναστρέφοντες
935 1720 977 1792 τὰ
1000 1723 1064 1811 μέν
1086 1723 1141 1792 ἐπὶ

125 1835 194 1898 τών
214 1832 570 1919 παραλληλογράμμων
588 1827 856 1917 ἀποστρέφοντα
873 1827 1081 1918 παρήκαμεν,
1098 1827 1140 1898 τὰ

127 1934 163 2003 δέ
188 1936 239 2003 ἐπὶ
263 1939 333 2005 τών
355 1935 530 2023 τριγώνων
553 1934 686 2023 μνήμης
706 1930 907 2022 ήξιώσαμεν.
951 1944 1062 2005 αίτιον
1089 1936 1139 2021 δέ,

125 2042 178 2108 ὅτι
196 2041 320 2128 τρόπος
337 2040 400 2129 μέν
416 2045 476 2129 τῆς
494 2038 696 2123 ἀποδείξεως
714 2039 733 2110 ὁ
748 2040 848 2122 αὐτὸς
861 2042 917 2109 καὶ
931 2039 981 2110 ἐπ’
999 2044 1139 2111 ἐκείνων

71 2168 104 2217 15
124 2146 385 2236 ἀπαραλλάκτως
403 2147 460 2217 διὰ
478 2151 537 2236 τῆς
554 2151 602 2229 είς
619 2146 792 2216 ἀδύνατον
812 2145 991 2234 ἀπαγωγῆς
1008 2151 1064 2217 καὶ
1081 2154 1141 2236 τῆς

124 2253 241 2340 ὁμοίας
250 2259 464 2343 κατασκευῆς,
479 2251 677 2343 ἀρκούμεθα
691 2253 728 2323 δὲ
743 2256 796 2322 ἐπὶ
809 2258 877 2323 τών
891 2252 1139 2344 ἁπλουστέρων,

124 2363 208 2447 λέγω
237 2360 280 2449 δὴ
306 2366 375 2430 τών
403 2364 592 2449 τριγώνων,
624 2361 861 2443 ύποδείξαντες
891 2359 955 2448 τὴν
987 2363 1139 2448 μέθοδον

123 2473 332 2536 καταλείπειν
350 2481 422 2548 τοῖς
436 2465 708 2556 ἄγχινουστέροις
721 2470 778 2535 καὶ
792 2468 928 2535 ἐπὶτῶν
941 2465 1139 2536 ὑπολοίπων

123 2574 162 2641 τὰ
192 2572 278 2642 αὐτὰ
301 2580 572 2660 συλλογίζεσθαι,
600 2576 686 2658 ἐπεί,
715 2572 767 2641 ὅτι
790 2599 828 2659 γε
851 2572 872 2660 ή
897 2572 981 2662 αύτή
1004 2575 1061 2643 καὶ
1085 2576 1139 2643 ἐπὶ

71 2698 105 2749 20
124 2678 252 2748 τούτων
271 2679 428 2765 μέθοδος,
452 2678 574 2770 ῥᾴδιον
594 2682 755 2746 συνιδεῖν.
794 2679 954 2766 λαβόντες
972 2679 1036 2768 γὰρ
1054 2706 1138 2768 παρ-

124 2784 384 2872 αλληλόγραμμα
412 2793 467 2853 ίσα
495 2785 549 2853 ἐπὶ
576 2787 635 2871 τῆς
662 2784 765 2872 αὐτῆς
793 2784 923 2871 βάσεως
949 2784 970 2874 ἢ
998 2787 1054 2854 καὶ
1085 2788 1139 2855 ἐπὶ

123 2894 192 2959 τών
211 2898 294 2960 ἴσων
313 2893 468 2979 ἐροῦμεν,
488 2890 540 2959 ὅτι
558 2890 614 2957 καὶ
633 2892 670 2958 έν
688 2904 761 2972 ταῖς
779 2890 896 2972 αύταϊς
914 2892 1141 2981 παραλλήλοις

124 3000 224 3067 ἐστίν.
261 3003 292 3066 εί
313 2996 377 3086 γὰρ
401 2996 458 3083 μή,
482 2994 577 3076 έντός
599 3010 746 3065 πεσεῖται
770 2999 1009 3085 θάτεροντῶν
1034 3002 1071 3068 έν
1089 3004 1137 3092 τῷ

125 3104 224 3197 ἑτέρῳ
252 3102 475 3192 παραλλήλων
503 3104 757 3191 ἐκβαλλομένων
786 3101 807 3192 ή
836 3106 936 3185 ἐκτός.
983 3104 1072 3186 ὅπως
1101 3107 1140 3174 δέ

74 3227 108 3278 25
127 3206 170 3278 ἂν
184 3216 297 3299 πίπτη,
310 3208 470 3296 λαβόντες
484 3210 592 3278 έκεῖνο
606 3212 662 3278 καὶ
676 3210 734 3291 τὰς
749 3215 786 3279 ἐν
801 3210 890 3304 αύτῷ
904 3213 1140 3301 παραλλήλους

125 3320 287 3403 δείξομεν,
311 3311 333 3383 ἃ
356 3315 411 3382 καὶ
435 3316 488 3383 ἐπὶ
510 3321 579 3386 τών
601 3316 791 3403 τριγώνων,
818 3315 930 3387 ὅτιτὸ
955 3317 1036 3388 ὅλον
1060 3327 1138 3388 ἴσον

124 3428 216 3490 ἔσται
238 3426 283 3512 τῷ
308 3421 430 3489 ἑαυτοῦ
452 3423 552 3511 μέρει.
598 3427 697 3492 τοῦτο
727 3423 764 3491 δέ
793 3422 974 3494 ἀδύνατον.
1020 3422 1072 3492 ὅτι
1100 3425 1139 3492 δέ

198 3621 256 3670 131.
277 3617 306 3670 P.

196 3799 222 3848 4.
240 3800 302 3857 ταῖς
320 3790 477 3849 ὑποθέσεσι
495 3789 623 3865 ταύταις]
644 3793 682 3859 v;
702 3789 818 3856 ταύταις
834 3800 896 3858 ταῖς
915 3789 1089 3852 ύποθέσισιν
1109 3814 1138 3867 q,

185 3864 233 3921 ίαν
247 3886 276 3940 p.
298 3871 360 3937 409,
383 3870 498 3923 14-15.
571 3870 615 3922 λδ.
634 3860 687 3938 ἄν]
703 3859 771 3920 ἄντί
786 3881 876 3936 comp.
895 3864 924 3920 P.
