2414 4236
250 477 407 528 SCHOLIA
424 479 463 528 IN
481 478 756 531 ELEMENTORUM
774 481 912 533 LIBRUM
926 482 959 534 X.
1042 481 1108 551 483

95 617 262 702 δευτέρων
286 607 308 682 δ
329 617 386 684 καὶ
408 622 529 704 τρίτων
554 606 576 685 δ
601 619 658 686 καῖ
680 619 846 706 τετάρτων
868 611 930 707 μδ,
958 620 1041 692 ὅσον
1064 615 1108 710 ἦν

92 723 149 789 καῖ
172 721 210 791 τὸ
233 729 391 810 τέταρτον
413 728 475 792 τοῦ
499 723 565 793 άπὸ
589 727 648 811 τῆς
670 733 718 810 A,
745 725 783 795 τὸ
809 726 846 795 δὲ
868 724 934 795 άπὸ
957 733 1017 816 της
1040 736 1108 798 ΒΔ

93 833 222 912 γίνεται
245 828 404 916 μονάδων
428 821 467 915 ιβ
489 831 545 898 καὶ
568 834 698 899 λεπτῶν
722 822 770 917 μδ
794 832 851 901 καὶ
876 836 1043 920 δευτέρων
1066 841 1107 922 μῖε

92 935 149 1001 καῖ
172 939 293 1020 τρίτων
315 926 361 1004 νδ
382 936 438 1003 καὶ
460 935 627 1022 τετάρτων
649 942 691 1022 ἴς,
714 940 940 1027 συντιθέμενα
963 939 1001 1008 δὲ
1020 938 1106 1028 ὁμοῦ

92 1046 219 1125 γίνεται
243 1042 389 1130 μονάδες
410 1033 457 1110 οἶδ
474 1042 530 1110 καὶ
554 1042 654 1110 λεπτὰ
677 1046 721 1110 ἦ
739 1032 787 1112 οἶδ
804 1036 862 1132 νδ,
884 1043 982 1114 άτινα
1001 1051 1049 1127 εἴς
1068 1049 1106 1116 ἓν
1142 1073 1160 1123 ε

91 1145 213 1216 λεπτὸν
240 1147 511 1236 κεφαλαιούμενα
543 1149 598 1216 καὶ
625 1153 671 1242 τῷ
694 1142 741 1218 κδ
764 1152 1011 1240 προστιθέμενα
1036 1177 1106 1222 ποι·

91 1252 214 1338 ήσουσι
238 1254 388 1341 μονάδας
411 1261 457 1324 κε.
495 1261 565 1324 ἔστι
587 1262 705 1324 τοίνυν
728 1254 749 1344 ἡ
774 1264 894 1345 μείζων
916 1255 937 1344 ἡ
961 1262 1028 1325 ΒΓ
1046 1285 1104 1345 μο-

91 1358 206 1429 νάδων
229 1366 270 1447 ῖ,
289 1358 335 1441 ὡς
357 1371 509 1449 εἴπομεν,
538 1352 588 1431 δν
615 1359 633 1431 ό
656 1361 864 1451 τετράγωνος
885 1362 1046 1451 μονάδων
1070 1369 1104 1452 ρ’

92 1465 224 1546 δεκάκις
246 1466 309 1553 γὰρ
335 1468 414 1535 δέκα
438 1474 467 1555 ρ.
508 1465 529 1554 ή
554 1468 592 1537 δὲ
616 1467 761 1538 ἐλάττων
780 1469 941 1557 μονάδων
960 1461 991 1555 ξ,
1016 1462 1103 1538 άνδ

90 1571 297 1660 τετράγωνος
324 1565 389 1662 μδ,
421 1573 443 1660 ἡ
476 1573 514 1642 δὲ
546 1572 691 1663 ὑπεροχή
724 1579 786 1645 τοῦ
814 1581 833 1663 ρ
865 1575 950 1664 πρὸς
980 1575 1020 1643 τὰ
1053 1568 1104 1663 μ’ἴδ
1124 1602 1160 1652 10

90 1680 159 1747 ἐστι
182 1683 235 1748 να.
271 1679 310 1749 τά
334 1685 420 1768 γοῦν
443 1685 488 1748 {Io}
510 1678 593 1767 πρὸς
615 1678 656 1748 τὰ
678 1678 908 1770 ῖάσάμμετρά
932 1685 1006 1750 εἴσι.
1047 1680 1104 1750 δύ·

88 1811 187 1854 ναται
210 1780 273 1856 οὖν
297 1784 317 1873 ἡ
341 1793 461 1875 μείζων
484 1785 559 1874 ήτοι
582 1785 604 1874 ἡ
626 1793 655 1854 Β
662 1793 694 1855 Γ
715 1791 773 1875 τῆς
796 1787 972 1869 ἐλάττονος
994 1785 1103 1874 ἤγουν

87 1896 147 1979 τῆς
164 1903 197 1962 Α
219 1900 330 1982 μεῖζον
351 1899 397 1986 τῷ
417 1899 461 1963 ff
484 1892 632 1984 ἀριθμῷ,
656 1892 740 1983 άπερ
758 1898 804 1963 ἦ
826 1891 1020 1983 ἀσύμμετρά
1038 1896 1102 1963 εἴσι

88 1996 172 2086 πρὸς
193 1996 234 2068 τά
259 2003 292 2082 ἐξ
316 1997 420 2088 άρχής
442 2005 468 2068 i.

158 2108 230 2172 129.
254 2103 355 2173 Ὥστε
373 2106 428 2174 καὶ
443 2112 542 2195 λοιπῇ
557 2109 802 2198 συναμφοτέρῳ
821 2133 851 2195 p.
867 2109 920 2193 56,
934 2111 969 2192 6]
990 2102 1103 2192 ἐπειδὴ
1123 2129 1158 2180 15

88 2212 153 2296 γὰρ
177 2208 198 2296 ἡ
221 2216 284 2278 ΓΛ
308 2215 349 2299 τῇ
373 2217 444 2278 ΔΕ
468 2208 641 2280 ὑπόκειται
664 2219 735 2299 ἴση,
768 2209 852 2299 ήδδ
874 2219 939 2280 ΕΖ
965 2217 1005 2300 τῇ
1031 2218 1103 2297 ΖΒ,

88 2314 342 2404 συναμφότερος
360 2314 426 2405 ἄρα
444 2313 509 2404 ήΒ
516 2324 553 2403 Ζ,
568 2322 639 2385 ΔΓ
658 2326 713 2403 ἴση
738 2316 807 2386 ἐστὶ
825 2320 865 2407 τή
885 2323 960 2386 ΖΔ.
997 2315 1102 2402 άσύμ-

88 2447 207 2509 μετρος
229 2421 267 2490 δὲ
280 2419 310 2509 ή
330 2428 397 2491 ΒΓ
414 2432 455 2512 τῇ
475 2429 550 2492 ΖΔ.
590 2420 799 2511 ἀσύμμετρος
822 2420 888 2511 άρα
910 2424 967 2490 καῖ
986 2426 1025 2512 τή
1046 2430 1101 2511 ἴση

87 2532 127 2616 τῇ
152 2535 233 2615 ΖΔ,
264 2527 336 2616 ἥτις
368 2538 423 2617 ἴση
456 2555 496 2619 τη
525 2537 592 2597 ΖΔ
625 2532 715 2598 ἐστιν
747 2527 768 2617 ἡ
798 2527 1053 2616 συναμφότερος
1079 2525 1101 2614 ἡ

87 2641 161 2717 ΒΖ,
176 2643 210 2703 Δ
215 2642 251 2705 Γ.
287 2637 343 2705 καὶ
361 2636 431 2704 ἐπεὶ
450 2634 705 2723 συναμφότερος
723 2633 744 2722 ἡ
764 2641 837 2721 ΒΖ,
854 2639 924 2704 ΔΓ
942 2638 1101 2703 διπλασία
1119 2659 1156 2709 εο

86 2743 156 2809 έστῖ
184 2747 244 2829 τῆς
266 2749 348 2829 ΔΓ,
381 2741 567 2830 σύμμετρος
595 2740 661 2829 άρα
684 2741 776 2811 ἐστὶν
803 2739 824 2829 ἡ
848 2740 1102 2829 συναμφότερος

85 2845 106 2934 ή
131 2854 204 2934 ΒΖ,
228 2858 262 2917 Δ
268 2855 300 2918 Γ
318 2854 357 2938 τῇ
378 2854 447 2917 ΔΓ.

155 2960 228 3024 130.
260 2954 331 3023 Ὀτι
358 2954 379 3044 ή
409 2954 595 3043 σύμμετρος
623 2952 718 3041 μήκει
745 2963 785 3042 τῇ
818 2954 987 3042 διακειμένη
1017 2955 1101 3041 ῥητῇ

85 3063 141 3128 καῖ
170 3061 312 3148 δυνάμει
341 3062 431 3130 ἐστὶν
458 3058 542 3149 αὐτῇ
571 3058 774 3148 σύμμετρος,
804 3058 860 3126 καὶ
888 3059 1018 3145 λέγεται
1045 3059 1100 3126 καῖ

85 3164 169 3253 αὐτή
199 3166 298 3254 ῥητή,
330 3169 386 3235 καὶ
413 3194 450 3236 το
480 3164 564 3235 όλον
591 3175 704 3234 τοῦτο·
742 3161 824 3250 ῥητή
846 3164 903 3231 καὶ
926 3164 1022 3252 μήκει
1044 3166 1099 3233 καὶ
1118 3189 1154 3240 25

86 3277 227 3360 δυνάμει
252 3272 445 3361 σύμμετρος.

157 3383 227 3448 131.
264 3380 443 3447 Τουτέστιν
458 3381 495 3446 αδ
507 3375 603 3464 μήκει
617 3377 715 3464 όηταὶ
730 3374 932 3456 πάνταςκαὶ
947 3377 1099 3463 δυνάμει,

85 3490 124 3553 αἴ
145 3485 182 3554 δὲ
206 3484 346 3571 δυνάμει
370 3482 411 3553 οὐ
434 3483 566 3563 πάντως
587 3483 643 3550 καὶ
666 3480 775 3570 μήκει,
799 3479 906 3563 οὕτως
928 3481 967 3551 δὲ
989 3483 1045 3549 καὶ
1064 3485 1102 3550 αἴ

85 3598 111 3606 ”
159 3626 335 3698 τιάραν).
426 3623 896 3697 1ao.q(P²);sd10mmap.⁶e.
985 3622 1098 3689 1³1.B;

86 3699 186 3755 eodem
205 3699 337 3770 pertinet.

157 3831 181 3879 δ.
200 3821 321 3894 γίνεται]
340 3822 373 3889 V,
394 3823 523 3891 γίνονται
542 3840 563 3877 r.
936 3907 956 3940 ἡ

898 3913 938 3962 ΒΧ
