2414 4236
138 525 180 587 12
226 517 230 523 ’
450 585 453 589 ,
504 523 706 578 monum
724 519 775 579 α’.

135 665 311 754 τετμήσθω
334 662 355 752 6
379 672 462 733 ΜΝ
481 664 587 756 ἄκρον
609 664 666 733 καὶ
688 665 792 753 μέσον
814 662 919 751 λόγον
941 666 1025 733 κατὰ
1047 662 1086 733 τὸ
1109 666 1148 749 Ξ,

136 773 191 839 καὶ
215 777 297 840 ἔστω
322 777 434 858 μεῖζον
452 776 565 858 τμῆμα
583 768 604 858 6
621 773 701 849 ΜΞ.
724 767 919 857 δεκαγώνου
941 768 1007 859 ἄρα
1026 766 1047 856 6
1067 772 1147 846 ME.

136 879 191 946 καὶ
216 877 284 945 ἐπεὶ
307 876 555 947 πενταπλάσιόν
578 881 647 946 ἐστι
670 880 708 947 τδ
731 873 797 946 666
820 880 880 964 τῆς
901 884 966 945 ΑΒ
993 880 1056 945 τοῦ
1080 873 1145 944 ἄπο

135 989 193 1071 τῆς
212 990 301 1070 ΜΝ,
325 983 523 1071 τριπλάσιον
546 982 584 1052 δέ
605 981 644 1052 τὸ
668 979 734 1052 660
757 993 817 1070 τῆς
833 988 900 1052 BA
921 986 983 1053 τοῦ
1004 980 1070 1051 ἀπὸ
1089 986 1147 1068 τῆς

102 1099 223 1176 εΔΗ,
248 1096 326 1176 τρία
353 1089 419 1176 ἄρα
448 1092 488 1158 τὰ
512 1087 578 1157 ἀπὸ
602 1096 680 1157 ΔΗ
699 1097 756 1157 λσα
780 1089 845 1158 εἰσὶ
867 1090 964 1158 πέντε
987 1103 1058 1169 τοῖς
1080 1086 1146 1157 ἆπὸ

136 1204 224 1266 MN.
260 1195 304 1277 ὡς
328 1196 365 1265 δέ
388 1201 464 1282 τρία
487 1193 526 1263 τὰ
546 1192 612 1263 ἀπὸ
631 1202 711 1264 ΔΗ
728 1193 813 1283 πρὸς
831 1200 907 1282 τρία
925 1193 965 1265 τδι
984 1192 1050 1264 ἀπὸ
1071 1201 1149 1281 ΓΗ,

135 1302 242 1383 οὕτως
270 1305 367 1372 πέντε
394 1301 435 1370 τὰ
463 1298 528 1370 ἀπὸ
557 1308 640 1368 ΜΝ
666 1304 751 1390 πρὸς
777 1302 874 1370 πέντε
900 1299 941 1370 τὰ
969 1298 1036 1371 666
1067 1304 1148 1378 ΜΞ.

136 1411 231 1477 πέντε
256 1409 294 1477 δὲ
317 1408 357 1476 τδι
381 1405 446 1476 ἀπὸ
466 1410 540 1485 ΜΞ
560 1408 616 1474 καὶ
639 1408 736 1476 πέντε
759 1406 800 1475 τὰ
820 1403 885 1475 ἀπὸ
905 1414 989 1475 ΜΝ
1007 1415 1065 1476 ἴσα
1083 1410 1148 1476 εἰσὶ

136 1517 234 1582 πέντε
256 1529 327 1595 τοῖς
349 1514 415 1582 666
438 1520 518 1582 ΚΛ.
554 1514 651 1582 πέντε
674 1511 741 1599 ἄρα
765 1516 804 1583 τὰ
828 1510 893 1581 ἀπὸ
917 1520 985 1581 ΚΛ
1008 1521 1065 1581 ῖσα
1083 1515 1148 1583 εἰσὶ

83 1645 116 1694 10
134 1623 222 1708 τρισὶ
250 1634 320 1701 τοῖς
347 1619 412 1688 666
437 1626 509 1688 ΓΗ
531 1620 586 1687 καὶ
618 1620 708 1709 τρισὶ
734 1633 806 1700 τοῖς
831 1616 896 1688 ἀπὸ
926 1626 1007 1689 ΔΗ.
1059 1619 1143 1688 ἄλλα

135 1730 231 1796 πέντε
254 1727 316 1815 μὲν
345 1729 385 1794 τὰ
412 1724 479 1793 ἀπὸ
504 1733 539 1793 Κ
544 1733 574 1793 Λ
603 1733 659 1792 ἴσα
687 1726 752 1793 εἰσὶ
780 1726 958 1794 δεκαπέντε
984 1740 1055 1805 τοῖς
1081 1724 1146 1794 666

135 1838 193 1919 τῆς
211 1837 246 1901 ἐκ
265 1837 326 1900 τοῦ
344 1834 486 1918 κέντρου
504 1836 564 1900 τοῦ
583 1832 877 1918 περιγραφομένου
895 1831 971 1917 περὶ
990 1830 1028 1900 τὸ
1044 1838 1113 1899 ΘΚ
1117 1840 1148 1898 Λ

135 1945 301 2024 τρίγωνον
324 1937 466 2023 κύκλου,
494 1943 569 2027 τρία
597 1937 634 2006 δὲ
662 1938 702 2005 τὰ
730 1934 795 2006 ἀπὸ
819 1944 897 2005 ΔΗ
920 1937 975 2005 καὶ
1001 1943 1078 2023 τρία
1105 1941 1145 2005 τὰ

136 2043 201 2112 ἀπὸ
221 2051 293 2112 ΓΗ
312 2052 368 2111 ῖσα
392 2043 457 2111 εἰσὶ
481 2050 515 2112 ι“ε
535 2057 605 2124 τοῖς
628 2043 692 2111 ἀπὸ
717 2049 776 2130 τῆς
795 2046 830 2112 έκ
849 2048 909 2112 τοῦ
928 2046 1069 2131 κέντρου
1087 2049 1148 2111 τοῦ

83 2176 116 2223 15
135 2153 427 2237 περιγραφομένου
445 2149 572 2219 κύκλου
590 2151 666 2237 περὶ
683 2153 722 2219 τὸ
737 2156 800 2218 ΓΔ
806 2156 921 2217 ΕΖΗ·
949 2156 1147 2236 προεδείχθη

134 2256 199 2343 γὰρ
222 2256 259 2325 τὸ
283 2253 349 2324 666
375 2263 452 2323 ΔΗ
469 2256 550 2344 μετὰ
575 2261 636 2325 τοῦ
660 2254 726 2325 666
746 2263 818 2325 ΓΗ
836 2257 1063 2324 πενταπλάσια
1086 2263 1147 2325 τοῦ

135 2361 199 2431 ἀπὸ
224 2367 282 2449 τῆς
306 2365 341 2430 έκ
364 2375 424 2432 τοῦ
448 2366 590 2449 κέντρου
613 2367 673 2432 τοῦ
704 2365 829 2431 κύκλου
856 2366 917 2430 τοῦ
945 2387 1145 2451 περιγραφο·

134 2470 238 2556 μένου
265 2470 340 2553 περὶ
368 2469 406 2537 τὸ
433 2470 651 2556 πεντάγωνον
679 2469 717 2537 τὸ
742 2474 923 2535 ΓΔΕΖΗ.
970 2471 1145 2536 δεκαπέντε

135 2573 200 2659 ἄρα
227 2575 267 2642 τὰ
296 2573 361 2642 666
392 2580 450 2661 τῆς
478 2577 513 2642 ἐκ
542 2579 603 2642 τοῦ
630 2575 771 2659 κέντρου
795 2581 851 2640 ἴσα
875 2573 944 2640 ἐστὶ
969 2575 1146 2641 δεκαπέντε

82 2704 116 2752 ευ
136 2694 205 2758 τοῖς
229 2679 293 2747 ἀπὸ
316 2685 374 2766 τῆς
398 2682 432 2747 έκ
451 2691 512 2748 τοῦ
530 2682 685 2766 κέντρου·
710 2677 731 2765 6
750 2677 816 2765 ἄρα
837 2677 1013 2767 διάμετρος
1032 2687 1087 2765 ἴση
1106 2685 1145 2768 τῇ

136 2787 310 2876 διαμέτρῳ.

204 2890 221 2959 6
223 2889 347 3027 αὐτὸς
371 2889 437 2978 ἄρα
460 2891 581 2972 κύκλος
603 2889 845 2981 περιλαμβάνει
873 2890 911 2959 τό
935 2917 970 2959 τε
998 2896 1059 2960 τοῦ
1083 2896 1146 2959 δω-

209 3092 232 3140 1.
252 3086 293 3157 Ξ]
315 3085 385 3141 ΖΡ.
458 3093 483 3141 2.
503 3087 612 3158 μεῖζον]
635 3085 667 3140 τὸ
686 3090 781 3156 μεῖζον
799 3086 910 3141 PBVv.
982 3084 1149 3175 δεκαγώνομ

136 3161 254 3215 -ΜΞ
234 3159 391 3229 ]inras.
410 3176 446 3213 m.
467 3162 637 3228 2postras
658 3157 747 3212 ³166
768 3158 805 3226 V,
825 3175 880 3212 om.
899 3157 935 3211 M.
1009 3154 1102 3228 ]b1
1123 3178 1147 3211 ι

172 3236 196 3283 3.
219 3226 290 3299 ἐστι]
310 3247 364 3284 om.
383 3227 464 3284 PBv.
533 3230 583 3297 τῆς
570 3246 668 3290 ς.οω
688 3228 769 3282 PBv
837 3225 894 3281 666
914 3229 974 3299 τῆς]
995 3245 1048 3282 om.
1064 3228 1146 3282 PBv.

173 3308 197 3354 4.
223 3300 307 3371 MN]
332 3316 403 3355 corr.
422 3317 455 3355 ex
475 3302 598 3354 NM.
681 3299 746 3370 τῆς]
770 3317 824 3354 om.
844 3299 924 3354 PBv.
1007 3300 1072 3369 BA]
1098 3305 1146 3352 AB

135 3371 276 3426 Friedlein
291 3371 385 3426 tacite
440 3365 1146 3457 6660166136.66161’66026661606166.

158 3441 242 3530 stat]
270 3460 323 3497 om.
343 3441 455 3497 PBVv
527 3435 645 3512 6661’
627 3437 686 3495 απὸ
706 3441 762 3495 τῶν
780 3439 929 3494 Friedlein.
1003 3446 1026 3494 ¹1.
1047 3436 1147 3526 ούτως]

137 3509 226 3574 οὕτως
246 3509 306 3567 έστί
322 3513 403 3568 PBv.
458 3513 537 3583 ΜΞ]
557 3510 664 3567 ΜΖΡ.
688 3509 761 3564 Dein
779 3510 843 3565 add.
862 3505 984 3564 πέντι”
966 3529 1022 3580 αρα
1041 3532 1075 3564 τα
1090 3531 1147 3564 οπο

137 3585 228 3637 ΚΛ
213 3600 260 3636 ιτα
281 3579 338 3637 έστλ
362 3587 425 3650 (om.
446 3584 482 3652 V)
504 3604 536 3651 τρ
538 3584 575 3637 ισλ
598 3588 658 3645 τοις
681 3577 738 3637 ἇπὸ
760 3585 821 3635 ΔΗ
842 3583 891 3634 καλ
913 3580 985 3647 τρισὶ
1008 3587 1066 3643 τοῖς
1089 3576 1146 3635 666

137 3657 197 3707 ΓΗ
214 3652 327 3709 PBVv.
381 3659 406 3708 8.
425 3654 511 3708 πέντε
530 3652 612 3709 66-
629 3660 668 3708 10.
691 3654 766 3723 ΔΗ]
786 3669 840 3706 om.
855 3650 967 3706 PBVv.
1024 3658 1064 3707 11.
1080 3653 1147 3722 Κλ]

137 3728 188 3778 ΚΑ
208 3725 261 3778 Pv.
334 3721 391 3778 εἰσί
425 3721 486 3778 ἐστί
501 3724 592 3792 PVv,
619 3721 744 3779 έστίνΒ.
818 3720 990 3792 δεκαπέντε]
1010 3719 1081 3776 δέκα
1100 3730 1149 3776 καὶ

136 3795 219 3849 πέντε
237 3794 292 3859 Vv,
311 3792 343 3849 δὲ
364 3794 566 3866 κακέντεΡ,
584 3766 1147 3864 6666660660111tt)262166613

175 3872 214 3919 12.
238 3865 302 3934 τῆς]
322 3866 377 3919 τῶν
397 3866 508 3921 PBVv.
582 3866 630 3934 τῆς
649 3861 698 3936 ἐκ]
724 3882 777 3921 om.
798 3864 839 3932 M;
866 3865 922 3919 τῶν
943 3861 975 3919 ἐκ
998 3863 1146 3920 Ρείεδίεἰο.
