2414 4236
197 530 353 582 scnom
371 531 410 582 IN
427 528 702 581 ELELOENTORUM
719 526 859 579 LIBRUM
872 527 934 580 XII.
1003 522 1068 588 623

125 674 174 739 14.
202 667 303 737 Ὥστε
325 667 363 736 τὸ
383 676 519 736 ΕΖΗΘ
541 696 572 757 p.
589 672 661 750 142,
680 672 735 751 15]
761 665 819 734 έδιν
838 663 959 753 γὰρτὸ
979 689 1067 753 περι-

54 775 274 864 γραφόμενον
296 773 508 860 τετράγωνον
531 780 644 861 μεῖζον
667 776 729 841 τοῦ
746 771 884 856 κύκλου,
907 768 1011 858 ἥμισυ
1030 771 1068 838 δὲ

54 886 115 948 τοῦ
138 881 433 966 περιγραφομένου
454 879 493 948 τὸ
518 878 785 967 ἐγγραφόμενον,
808 883 919 965 μεῖζον
943 875 1008 962 ἄρα
1029 874 1067 944 τὸ

55 986 310 1073 ἐγγραφόμενον
338 990 398 1054 τοῦ
426 986 563 1073 ἡμίσεος
589 989 651 1053 τοῦ
682 984 824 1070 κύκλου,
857 980 909 1051 ότι
939 983 996 1051 καὶ
1028 981 1066 1051 τὸ

54 1092 159 1181 ἥμισυ
167 1098 228 1161 τοῦ
242 1093 536 1180 περιγραφομένου
549 1090 623 1178 ἤτοι
637 1089 675 1159 τό
690 1089 944 1176 ἐγγραφόμενον
955 1095 1067 1175 μεῖζον
1103 1111 1121 1159 5

54 1204 116 1268 τοῦ
139 1198 276 1286 ἡμίσεος
297 1203 359 1268 τοῦ
381 1198 516 1267 κύκλου.
564 1197 623 1266 ἐὰν
646 1197 711 1284 γὰρ
734 1194 773 1265 τὸ
796 1193 878 1263 ὅλον
900 1199 961 1263 τοῦ
985 1193 1067 1263 όλου

55 1312 178 1392 μεῖζον,
200 1306 256 1373 καὶ
278 1303 316 1373 τό
341 1302 444 1391 ἥμισυ
465 1308 527 1374 τοῦ
550 1305 695 1392 ἡμίσεος.

126 1414 175 1479 15.
214 1410 311 1480 Ἀλλδι
334 1410 372 1478 τό
396 1409 476 1479 καθ’
503 1408 600 1479 ἑαυτὸ
623 1413 734 1498 τμῆμα
760 1436 792 1497 p.
817 1415 895 1497 144,
917 1415 952 1496 2]
980 1436 1069 1497 περι·

56 1520 163 1604 ἔχεται
177 1515 241 1603 γὰρ
255 1521 318 1585 τοῦ
331 1515 459 1585 κύκλου
472 1515 513 1585 τὰ
531 1517 682 1604 τμήματα
696 1515 763 1585 ὑπὸ
777 1527 845 1585 τῶν
859 1524 1068 1603 παραλληλο-

55 1622 229 1710 γράμμων.
1057 1697 1059 1701 ,
1089 1642 1123 1691 10

128 1734 177 1797 16.
211 1727 298 1796 Ἀλλ’
319 1726 364 1809 ῶς
380 1728 419 1798 τὸ
439 1738 474 1796 Σ
488 1735 614 1816 χωρίον
633 1756 663 1817 p.
680 1732 824 1816 146,19]
843 1733 943 1797 τοῦτο
963 1726 1068 1807 εὐθὺς

58 1837 157 1916 δείξει
180 1834 261 1922 μετὰ
285 1835 323 1903 τὸ
348 1835 626 1923 συμπεράνασθαι
648 1836 686 1904 τὸ
709 1837 894 1922 πρόβλημα.

434 2034 489 2098 Ad
512 2057 616 2118 prop.
639 2033 697 2100 ΙΠ.

127 2158 177 2221 17.
212 2153 433 2239 Παρώλληλος
446 2154 511 2238 όίρα
530 2181 560 2241 p.
577 2160 721 2240 150,11]
742 2157 906 2224 δέδεικται
920 2157 957 2223 ἐν
972 2160 1016 2246 τῷ
1033 2154 1067 2238 β’

58 2263 119 2326 τοῦ
142 2259 175 2334 ς’
199 2265 333 2344 βιβλίου
355 2259 564 2346 θεωρήματι,
597 2259 663 2343 δτι,
695 2260 756 2328 ἐὰν
784 2261 952 2347 τριγώνου
978 2259 1068 2346 παρὰ
1088 2276 1123 2325 15

59 2371 139 2451 μίαν
162 2369 231 2434 τῶν
253 2371 408 2450 πλευρῶν
433 2365 523 2454 ἀχθῇ
545 2394 595 2446 τις
622 2363 754 2452 εὐθεῖα,
782 2365 953 2453 ἀνάλογον
978 2380 1069 2453 τεμελ

59 2471 119 2550 τὰς
140 2476 202 2539 τοῦ
224 2472 393 2559 τριγώνου
414 2473 575 2559 πλευράς,
597 2473 653 2540 καὶ
677 2472 736 2540 ἐὰν
758 2476 820 2541 τοῦ
842 2472 1011 2561 τριγώνου
1034 2476 1071 2540 αί

59 2578 199 2663 πλευραὶ
231 2574 403 2664 ἀνάλογον
431 2582 621 2666 τμηθῶσιν,
654 2579 675 2664 ἡ
708 2580 761 2647 ἐπὶ
792 2581 850 2659 τὰς
876 2581 979 2667 τομὰς
1005 2582 1070 2647 ἐπι-

61 2685 263 2770 ζευγνυμένη
287 2682 405 2752 εὐθεῖα
427 2683 517 2772 παρὰ
545 2689 626 2771 μίαν
648 2682 722 2772 ἦτοι
744 2686 956 2774 παράλληλος
978 2691 1070 2754 ἔσται

60 2794 119 2877 μιᾷ
138 2794 208 2858 τῶν
226 2795 287 2858 τοῦ
305 2791 474 2877 τριγώνου
491 2797 654 2877 πλευρῶν.
691 2791 804 2879 ἐπειδὴ
820 2785 884 2861 οὖν
901 2791 1070 2880 τριγώνου
1088 2806 1124 2855 20

59 2901 122 2965 τοῦ
145 2904 251 2965 ΑΒΔ
274 2900 311 2963 αί
329 2898 470 2984 πλευραὶ
494 2895 665 2984 ἀνάλογόν
689 2903 787 2967 είσιν·
811 2899 856 2978 ῶς
877 2898 942 2985 γδιρ
965 2896 1072 2985 ἡΒΕ

59 3001 144 3086 πρὸς
166 3004 227 3090 τὴν
250 3010 327 3088 ΕΑ,
351 3001 456 3082 οὕτως
478 3004 499 3090 ἡ
523 3011 589 3072 ΑΘ
611 3003 693 3088 πρὸς
715 3003 777 3091 τὴν
800 3011 880 3072 ΘΔ·
903 3006 1013 3088 τέμνει
1032 3003 1070 3071 δὲ

61 3108 164 3189 αὐτὰς
193 3110 299 3189 οὕτως
326 3110 346 3195 ἡ
375 3117 452 3196 ΕΘ,
485 3110 696 3196 παράλληλος
727 3110 793 3198 ἄρα
825 3113 894 3181 ἐστὶ
926 3123 966 3200 τῇ
994 3118 1069 3180 ΒΔ.

60 3216 163 3283 πόλιν
187 3217 257 3284 ἐπεὶ
278 3215 316 3284 τὸ
342 3213 423 3284 αὐτὸ
446 3220 612 3301 τρίγωνον
631 3217 735 3303 ἡΘΚ
756 3216 926 3303 ἀνάλογον
948 3221 1070 3306 τέμνει,

62 3321 273 3408 παράλληλός
296 3324 365 3391 ἐστι
387 3328 428 3411 τῇ
452 3330 525 3390 ΑΒ.
1090 3336 1126 3386 25

131 3432 180 3495 18.
215 3424 294 3495 Ἐὰν
317 3428 382 3516 γὰρ
405 3427 572 3515 τριγώνου
595 3432 632 3495 αί
647 3429 788 3517 πλευραὶ
806 3430 975 3517 ἀνάλογον
993 3459 1071 3519 τμη-

61 3537 188 3618 θῶσιν,
221 3533 241 3618 ἡ
271 3534 323 3600 ἐπὶ
351 3532 391 3600 τὰ
420 3548 539 3620 σημεῖα
567 3537 823 3623 ἐπιζευγνυμένη
852 3534 969 3606 εὐθεῖα
991 3563 1071 3625 παρ-

61 3639 205 3724 άλληλός
228 3640 326 3705 έστιν.

136 3763 243 3821 1417·Ι
319 3763 466 3818 15.V·F¹.
540 3771 581 3820 16.
601 3784 628 3835 q.
702 3765 906 3837 17.V⁸q(P¹).
980 3767 1072 3822 18.B.

61 3848 274 3857 ——-

134 3876 177 3925 22.
198 3871 256 3925 Sor.
276 3874 301 3923 Δ
308 3871 332 3924 Θ
350 3867 420 3940 πρός
439 3867 490 3941 τὴν
510 3872 570 3927 ΘΑ.
644 3868 692 3945 δέλ
705 3871 748 3941 V,
765 3870 805 3942 δή
823 3891 854 3942 q.
