2414 4236
211 497 368 551 SCHOLIA
385 498 424 551 IN
441 497 717 552 ammom
733 498 872 550 LIBRUM
886 498 919 553 K
1005 493 1072 560 449

53 638 179 728 ρήματι
208 638 392 725 δεδομένον
420 637 550 724 ἐγένετο
583 640 620 706 έν
647 636 755 729 τούτῳ
784 637 988 726 ζητούμενον
1015 637 1072 705 καὶ

53 744 235 815 ἀνάπαλιν.

123 856 176 921 54.
208 849 266 931 Ὡς
288 848 309 938 ἡ
332 848 446 937 πριότη
469 874 553 937 προς
575 848 640 937 τὴν
661 856 778 938 τρίτην
800 858 868 921 κτλ.
891 876 923 938 p.
942 852 994 938 20,
1012 854 1070 936 21]

56 957 113 1028 διά
132 957 280 1046 πόρισμα
298 961 360 1025 τοῦ
378 956 412 1024 κ’
431 967 492 1025 τοῦ
510 955 542 1031 ς’
561 960 623 1025 τοῦ
640 958 809 1043 λέγοντος,
828 954 892 1043 ὅτι,
911 953 971 1025 έάν
983 970 1072 1043 τρεῖς

55 1063 186 1134 εὐθεῖαι
210 1061 379 1149 ἀνάίογον
403 1054 498 1148 ὦσιν,
523 1059 568 1143 ὡς
590 1062 611 1149 ἡ
631 1061 745 1149 πρώτη
764 1061 847 1150 πρὸς
864 1060 927 1150 τὴν
945 1068 1069 1150 τρίτην,
1107 1090 1124 1141 ς

57 1172 162 1252 οὕτως
185 1169 223 1239 τὸ
247 1167 312 1240 ἀπὸ
336 1172 394 1257 τῆς
415 1167 548 1256 πραότης
570 1174 737 1256 τρίγωνον
759 1167 843 1256 πρὸς
865 1169 903 1236 τὸ
928 1167 993 1238 ἀπὸ
1011 1172 1071 1255 τῆς

57 1280 214 1366 δευτέρας
236 1274 274 1346 τὸ
298 1274 419 1363 ὅμοιον
441 1275 497 1343 καὶ
520 1272 643 1361 ὁμοίως
665 1272 958 1362 ἀναγραφόμενον.

424 1471 480 1536 Ad
503 1478 609 1556 pro'p.
632 1470 704 1536 VII.

124 1597 176 1663 55.
210 1591 265 1662 Ἐκ
287 1597 346 1682 τῆς
369 1597 416 1673 είς
439 1591 612 1661 ἀδύνατον
635 1580 828 1678 ἀπαγωγῆς.Ι

125 1703 177 1769 56.
215 1698 296 1786 Ούκ,
321 1696 366 1779 ὥς
389 1698 432 1767 ἀν
450 1725 500 1779 τις
519 1701 665 1784 οἰηθείη,
683 1698 850 1784 παρέλκον
868 1699 937 1766 ἐστὶ
957 1698 1013 1767 διὰ
1032 1725 1070 1767 το
1092 1726 1125 1776 10

57 1810 257 1876 δείκνυσθαι
288 1805 344 1873 καὶ
375 1808 476 1874 τοῦτο
508 1802 547 1872 τὸ
582 1804 797 1890 συνημμένον
831 1803 888 1873 διὰ
915 1809 976 1874 τοῦ
1005 1804 1070 1891 πρὸ

55 1912 171 1982 αὐτοῦ.
204 1911 249 1979 δι’
268 1913 399 1979 ἐκείνου
417 1909 481 1996 γὰρ
502 1907 543 1978 οὐ
562 1913 673 1994 τοῦτο,
693 1907 766 1978 ἀλλ’
783 1907 835 1979 ὅτι
853 1909 893 1978 τά
907 1909 951 1998 μὴ
966 1909 1072 1997 λόγον

55 2026 175 2107 ἔχοντα
198 2017 336 2104 μεγέθη,
360 2013 401 2085 ὃν
424 2014 571 2104 ἀριθμὸς
593 2014 677 2103 πρὸς
693 2012 855 2104 ἀριθμόν,
878 2015 1072 2106 ἀσύμμετρά

57 2130 164 2209 ἐστιν,
197 2125 377 2192 ἐδείκνυτο.
423 2121 486 2192 ούκ
514 2121 579 2209 ἀρα
603 2121 818 2208 ἀναιρετικὸν
844 2128 905 2193 τοῦ
927 2124 1073 2205 κανόνος

57 2234 189 2301 ἐκείνου
216 2232 277 2297 τοῦ
304 2230 476 2315 λέγοντος,
505 2226 572 2314 ότι,
602 2232 633 2296 εί
659 2255 680 2315 η
708 2228 896 2317 κατάφασίς
917 2257 1009 2311 τινος
1031 2235 1070 2320 τῇ
1092 2253 1125 2304 ιο

54 2336 162 2406 ἀλλον
185 2335 369 2422 καταφάσει
392 2337 518 2422 ἕπεται,
548 2332 590 2403 ού
618 2337 657 2424 τῇ
685 2339 748 2402 τοῦ
774 2333 967 2423 ἡγουμένου
990 2335 1071 2413 ἀπο-

56 2442 157 2532 φάσει
181 2444 292 2511 ἕπεται
315 2440 337 2528 ἡ
360 2445 423 2511 τοῦ
445 2443 625 2529 ἑπομένου,
654 2438 726 2509 ἀλλ’
752 2438 926 2510 ἀνάπαλιν.
971 2446 1070 2511 τοῦτο

56 2553 121 2637 γὰρ
150 2545 290 2636 ἀληθές,
324 2546 378 2636 ἐφ’
404 2539 453 2616 ὦν
482 2548 590 2635 μόνον
622 2563 660 2616 το
693 2546 986 2634 κατηγορούμενον
1017 2549 1071 2616 ἐπὶ

56 2657 160 2724 πλέον
183 2657 284 2742 έστίν,
308 2652 361 2742 ἐφ’
384 2646 433 2722 όν
457 2655 494 2723 δὲ
518 2651 568 2723 ἐπ’
591 2663 665 2741 ίσης
687 2650 732 2734 ὥς
755 2653 807 2721 ἐπί
830 2652 954 2722 τούτου
976 2652 1071 2723 ἀδιά-

56 2760 168 2849 φορόν
191 2764 292 2846 ἐστιν,
317 2758 362 2840 ὥς
385 2756 429 2828 ἀν
452 2761 552 2849 έθέίη
575 2787 626 2841 τις
647 2774 765 2830 ποιεῖν.
812 2761 924 2829 ίστέον
948 2763 996 2847 δέ,
1020 2759 1071 2831 ὅτι
1090 2784 1126 2835 20

56 2871 162 2959 ἐντῷ
186 2866 266 2953 μετά
294 2870 393 2935 τοῦτο
419 2868 519 2948 δείξει
548 2867 604 2935 καί
631 2867 670 2935 τὸ
698 2866 796 2951 ἀλλο,
830 2864 911 2953 ὅπερ
943 2872 1071 2954 ἔφαμεν

56 2973 113 3042 διά
137 2978 198 3042 τοῦ
221 2973 286 3058 πρὸ
307 2969 413 3041 αὐτοῦ
433 2976 644 3060 δείκνυσθαι,
669 2971 730 3042 ούκ
750 2970 800 3041 ἐπ’
817 2965 963 3060 εὐθείας,
987 2972 1072 3043 ἀλλά

55 3083 96 3167 τῇ
119 3083 166 3159 είς
189 3079 360 3148 ἀδύνατον
384 3077 554 3167 ἀπαγωγῇ.
600 3085 669 3149 ἔστι
692 3078 755 3167 γάρ
778 3093 848 3161 τοίς
870 3081 1072 3167 γεωμέτραις

55 3184 207 3272 σύνηθες
228 3184 367 3254 κάκεῖνα
392 3186 564 3254 δεικνύναι
587 3191 626 3276 τῇ
649 3186 787 3276 τοιαύτη
812 3189 919 3269 δείξει.

124 3295 175 3359 57.
207 3290 279 3359 Ὅτι
306 3291 368 3378 μὲν
396 3284 460 3359 οὖν
489 3293 551 3361 ούκ
574 3297 611 3360 αί
631 3294 779 3381 γραμμαὶ
803 3296 905 3381 μόναι
929 3296 993 3363 είσὶ
1016 3321 1070 3382 με·
1089 3313 1124 3364 25

55 3399 157 3484 γέθη,
190 3395 274 3465 ἀλλὰ
303 3397 358 3465 καί
386 3424 426 3466 τα
459 3400 597 3466 ἐπίπεδα
629 3401 685 3467 καί
712 3398 753 3468 τά
784 3403 916 3487 στερεά,
949 3401 1072 3482 πάντες

55 3536 161 3543 .---..4
188 3534 270 3542 .—

128 3602 170 3648 54.
191 3595 238 3649 V!
299 3592 414 3662 55.1‹¹q.
475 3599 517 3649 56.
536 3593 582 3649 Fb
602 3589 726 3664 (σχόίιον
745 3593 784 3663 b).
844 3601 886 3651 ⁶7.
906 3596 1070 3667 V⁵qr(P').

54 3713 269 3724 ———-

130 3778 171 3896 ff.
192 3769 267 3844 ἐστί]
287 3772 313 3837 b,
333 3768 408 3826 εἷναι
427 3772 457 3825 F.
519 3777 560 3826 14.
579 3767 650 3843 ἄρα]
669 3772 696 3840 b,
716 3769 774 3826 ἔστι
793 3771 826 3828 δέ
845 3772 876 3828 F.
939 3778 983 3828 2⁶.
1003 3762 1078 3848 ούν]

55 3859 110 3899 om.
157 3863 179 3896 r.

104 3941 254 3993 menan,
271 3942 320 3983 ιτα
334 3943 439 3996 nomm
452 3947 476 3988 ιι
489 3944 581 3999 νειμ.
604 3944 635 3990 ν.
894 3935 935 3986 ἳθ
