2414 4236
134 501 176 565 36
502 497 703 552 ΣΤΟΙΧΕῘΩΝ
721 494 772 552 ιδ’.

133 669 168 710 τε
195 643 250 710 καί
279 639 512 726 εἰκοσάεδρον,
544 638 648 725 λόγον
674 639 739 720 ἔξει
766 634 904 718 εάθείας
929 634 1145 726 ἡσδηαοτοῦν

133 747 239 836 άκρον
262 747 318 815 καί
342 747 445 834 μέσον
468 746 572 833 λόγου
595 749 779 833 τμηθείσης
801 741 847 825 ὥς
868 741 890 830 ἡ
914 745 1085 832 δυναμένη
1108 744 1146 814 τὸ

133 852 199 922 άπὸ
222 858 280 941 τῆς
304 850 383 939 ὅλης
404 853 460 921 καί
482 851 521 921 τδ
545 849 612 920 άπὸ
630 862 692 921 τοῦ
710 857 862 939 μείζονος
878 852 1047 939 τμήματος
1063 851 1147 940 πρὸς

132 962 195 1046 τὴν
219 961 412 1047 δυναμένην
434 957 473 1027 τὸ
491 956 558 1027 άτο
582 961 640 1046 τῆς
663 956 744 1045 ὅλης
760 958 817 1027 καί
834 956 872 1028 τδ
892 955 957 1027 άπδ
976 963 1038 1028 τοῦ
1052 958 1145 1028 ἐλάτ-

99 1091 230 1146 ςτονος
252 1064 425 1154 τμήματος.

200 1172 341 1240 -Τοάτων
374 1174 416 1261 δὴ
448 1171 584 1240 πάντων
619 1176 801 1258 γνωρίμων
837 1167 918 1259 ἡμῖν
955 1173 1146 1259 γενομένων

135 1283 251 1365 δῆλον,
275 1275 342 1365 ὅτι,
367 1279 427 1347 ἐὰν
451 1283 498 1359 εἰς
519 1277 581 1365 τὴν
604 1275 713 1364 αὐτὴν
736 1291 886 1365 σφαῖραν
909 1281 1060 1367 ἐγγραφῇ
1083 1282 1146 1348 δω-

33 1405 36 1413 ·
134 1383 317 1470 δεκάεδρόν
339 1411 375 1454 τε
397 1385 453 1452 καί
477 1382 711 1472 εἰκοσάεδρον,
737 1385 776 1453 τὸ
805 1383 1036 1472 δωδεκάεδρον
1063 1383 1147 1472 πρὸς

133 1490 172 1559 τὸ
195 1494 412 1577 εἰκοσάεδρον
434 1489 538 1577 λόγον
561 1491 625 1571 ἕξει
643 1487 779 1572 εὐθείας
801 1488 1017 1578 ἡσδητσοτοῦν
1039 1489 1146 1578 άκρον

83 1628 117 1676 10
134 1599 189 1666 καί
213 1600 317 1685 μέσον
340 1596 442 1685 λόγον
460 1598 665 1683 τεμνομένης
684 1592 731 1676 ὡς
749 1594 770 1684 ἡ
791 1599 962 1686 δυναμένη
980 1597 1044 1686 τὴν
1062 1595 1146 1685 ὅλην

134 1705 190 1772 καί
217 1702 255 1772 τὸ
282 1709 394 1789 μεῖξον
420 1705 531 1790 τμῆμα
558 1699 643 1789 πρὸς
668 1698 731 1788 τὴν
762 1703 956 1791 δυναμένην
978 1701 1040 1790 τὴν
1063 1701 1146 1791 ὅλην

134 1810 190 1877 καὶ
221 1807 259 1876 τὸ
291 1814 428 1876 ἔλαττον
459 1812 579 1896 τμῆμα.
624 1807 694 1877 έττεί
725 1807 791 1895 γάρ
823 1810 916 1877 ἐστιν
942 1806 989 1890 ὥς
1013 1834 1051 1878 το
1082 1813 1146 1877 δω-

136 1915 318 2002 δεκάεδρον
341 1912 425 2001 πρὸς
447 1912 484 1982 τὸ
513 1913 743 2002 εἰκοσάεδρον,
771 1914 879 1994 οὕτως
904 1911 927 2000 ἡ
953 1918 1015 1984 τοῦ
1044 1918 1144 1984 δωδε-

134 2022 280 2105 καέδρου
308 2020 485 2108 ἐπιφάνεια
512 2022 595 2106 πρὸς
621 2020 683 2107 τὴν
705 2025 766 2089 τοῦ
790 2021 1007 2108 εἰκοσαέδρου
1029 2021 1145 2107 έττιφά-

83 2156 116 2205 15
135 2153 246 2211 νεεαν,
273 2128 444 2196 τουτέστιν
471 2123 492 2213 ἡ
519 2131 580 2195 τοῦ
608 2126 716 2213 κύβου
743 2126 868 2214 πλευρά
896 2126 979 2213 πρὸς
1000 2125 1061 2213 τὴν
1085 2133 1147 2196 τοῦ

135 2234 351 2320 εἰκοσαέδρου
374 2231 533 2320 πλευράν,
556 2229 602 2312 ὡς
622 2233 659 2300 δέ
677 2230 698 2319 ἡ
717 2236 778 2302 τοῦ
797 2233 906 2319 κύβου
919 2232 1045 2322 πλευρά
1065 2237 1146 2320 πρὸς

133 2343 194 2427 τὴν
222 2344 283 2408 τοῦ
310 2340 527 2427 εἰκοσαέδρου
555 2338 720 2424 πλευράν,
748 2339 854 2419 οὕτως
881 2338 1017 2420 εὐθείας
1045 2340 1146 2428 ἡσδη-

132 2457 260 2515 πονοῦν
279 2445 385 2531 άκρον
404 2446 461 2513 καί
480 2446 582 2532 μέσον
602 2444 705 2530 λόγον
723 2447 925 2533 τετμημένης
939 2443 960 2532 ἡ
976 2448 1145 2532 δυναμένη

133 2552 195 2639 τὴν
219 2554 302 2638 ὅλην
328 2550 443 2619 καὶτὸ
472 2555 584 2636 μεῖζον
612 2554 724 2636 τμῆμα
750 2549 835 2637 πρὸς
860 2579 923 2638 την
952 2553 1145 2638 δυναμένην

79 2687 115 2735 20
133 2657 196 2744 τὴν
229 2656 312 2742 ὅλην
339 2657 394 2723 καὶ
421 2654 459 2724 τὸ
488 2661 625 2723 ἔλαττον
656 2667 781 2743 τμῆμα,
813 2657 859 2737 ὡς
886 2656 952 2743 άρα
979 2657 1016 2726 τὸ
1046 2663 1145 2726 δωδε-

133 2764 277 2848 κάεδρον
310 2766 394 2847 πρὸς
425 2761 462 2830 τὸ
499 2761 715 2848 εἰκοσάεδρον
752 2768 819 2833 τῶν
857 2768 904 2844 εἰς
939 2768 1001 2851 τὴν
1038 2762 1145 2849 αὐτὴν

134 2882 283 2957 σφαῖραν
316 2870 593 2957 ἐγγραφομένων,
626 2867 761 2949 εὐθείας
793 2868 1007 2957 ἡσδηποτοῦν
1040 2869 1145 2956 άκρον

133 2977 188 3043 καὶ
212 2978 315 3063 μέσον
334 2980 435 3062 λόγον
453 2976 655 3062 τετμημένης
674 2973 694 3061 ἡ
716 2978 887 3063 δυναμένη
907 2974 969 3063 τὴν
989 2976 1072 3062 ὅλην
1090 2979 1145 3044 καὶ

134 3085 171 3151 τὸ
199 3089 310 3170 μεῖζον
337 3085 448 3168 τμῆμα
475 3079 559 3167 πρὸς
585 3080 648 3167 τὴν
676 3083 868 3169 δυναμένην
896 3080 957 3168 τὴν
982 3082 1065 3168 ὅλην
1088 3085 1141 3150 καὶ

80 3216 114 3263 25
133 3187 170 3256 τὸ
195 3194 331 3256 ἔλαττον
354 3191 474 3273 τμῆμα.

206 3425 229 3472 1
249 3415 383 3487 λόγον-
349 3422 422 3472 -8,
422 3414 623 3502 εἰκοσάεδρον
659 3416 750 3472 bisP
816 3423 840 3472 1
860 3416 1025 3483 ἕξουσινὶἰ,
1045 3418 1144 3485 ἓξωοεν

134 3491 217 3544 PBv.
247 3488 317 3542 Dein
337 3483 436 3544 εδδ,”
420 3507 454 3543 ον
472 3490 538 3544 vet
723 3485 931 3573 οίατδηποτοῦν
951 3489 1063 3545 PBVv.
1120 3497 1143 3542 ἱ).

134 3557 188 3631 ὡς]
208 3576 262 3614 om.
282 3559 395 3617 PBVv.
470 3561 542 3614 δυνα
543 3493 678 3630 μένηςρ.
751 3566 775 3614 4.
796 3555 945 3623 ἐλάσσονος
964 3560 1045 3613 BVv.
1120 3567 1145 3615 6

134 3628 343 3713 γινομένωνδί,
363 3580 566 3714 γενόμεναῐέέι
629 3636 653 3686 8.
673 3631 717 3702 τε]
737 3646 790 3685 om.
811 3630 895 3683 BVv.
918 3631 959 3700 (in
977 3629 1145 3698 repetitione

133 3700 229 3755 omnia
248 3701 345 3755 eadem
365 3702 495 3769 habetP‚
515 3702 568 3756 nisi
605 3701 662 3755 uod
681 3717 765 3771 supra
781 3695 928 3762 ἐλάττονος
946 3701 1009 3754 εδδ.
1024 3700 1103 3754 alin.
1119 3707 1145 3761 4

133 3771 180 3825 lin.
177 3769 383 3860 6γνωρήμων
403 3771 576 3843 γενομένων,
586 3722 643 3827 (δίο.
658 3776 674 3824 8
693 3790 723 3825 τε
743 3771 818 3839 om..)
890 3767 923 3825 τὸ
946 3767 1145 3840 δωδεκάεδρον

128 3840 204 3909 πρὸς
222 3839 254 3896 τὸ
272 3841 469 3914 εἰκοσάεδρον]
489 3859 543 3897 om
562 3843 599 3898 M.
680 3843 754 3896 Ante
773 3836 971 3912 δωδεκάεδρον
990 3842 1045 3898 del
1065 3793 1145 3897 δέρε.
