2414 4236
148 531 211 595 158
298 532 455 585 8οΗοω
472 532 511 585 m
528 532 805 585 ammom
821 532 998 587 mmm

144 676 203 757 τῆς
221 678 392 757 ΑΒ,ΒΔ,
416 680 493 759 ΔΓ,
508 680 579 757 ΓΑ,
601 686 690 761 τρεῖς
712 670 751 741 δδ
767 678 893 759 γωνίας
909 676 977 761 ἔχει
993 670 1058 759 τὴν
1075 672 1165 762 πρὸς

144 781 190 870 τῷ
214 788 246 845 A
267 778 392 870 καὶτῷ
415 786 444 847 Β
467 780 590 872 καὶτῷ
615 785 650 848 F.

212 888 264 953 82.
300 882 355 952 Ἐκ
388 885 451 955 δύο
483 886 713 974 θεωρημάτων
741 886 905 955 δέδεικται
935 888 999 955 τοῦ
1023 911 1060 955 τε
1091 884 1162 971 πρὸ

144 989 268 1058 τούτου
296 992 489 1077 δειχθέντος
517 992 573 1059 καὶ
600 994 662 1059 τοῦ
689 990 934 1060 ἑκκαιδεκάτου.
984 990 1070 1078 πρὸς
1097 991 1164 1080 μλυ

110 1094 208 1183 εγάρ
231 1094 269 1165 τὸ
293 1102 400 1179 δείξαι
421 1096 481 1177 τάς
507 1102 732 1177 συσταθείσας
758 1095 853 1178 έντὸς
878 1096 1065 1178 ἐλάσσονας
1090 1102 1164 1169 τῶν

145 1202 237 1282 ἐκτὸς
256 1205 385 1271 ἐκείνου
400 1205 504 1271 δεῖται
518 1213 580 1271 τοῦ
593 1201 825 1289 θεωρήματος·
846 1202 973 1283 παντὸς
989 1202 1163 1291 τριγάνον

144 1312 182 1375 αί
202 1307 265 1376 δύο
289 1310 429 1396 πλευραί
451 1312 510 1395 τῆς
531 1312 649 1395 λοιπῆς
671 1314 802 1395 μείζους
824 1313 925 1377 είσίν·
950 1307 1035 1397 πρὸς
1058 1309 1098 1379 δὲ
1120 1310 1161 1381 τὸ

142 1412 204 1499 τὴν
222 1411 278 1482 ὑπ’
295 1413 408 1483 αὐτῶν
426 1415 665 1503 περιεχομένην
684 1418 812 1501 γωνίαν
831 1410 1004 1503 ἀποφῆναι
1022 1421 1161 1503 μείζονα

142 1531 200 1605 τῆς
221 1517 287 1589 ὑπὸ
311 1525 380 1589 τῶν
403 1520 497 1602 έκτὸς
514 1523 750 1610 περιεχομένης
767 1522 876 1591 έκεῖνο
895 1518 986 1613 αὐτῷ
1005 1529 1163 1592 συντελεῖ

92 1652 124 1699 ιο
142 1629 179 1695 τὸ
208 1626 334 1707 παντὸς
360 1626 528 1713 τριγώνου
554 1628 619 1715 τὴν
642 1627 735 1707 ἐκτὸς
756 1634 885 1715 γωνίαν
909 1634 1044 1716 μείζονα
1067 1626 1159 1698 εἶναι

141 1737 200 1820 τῆς
223 1732 318 1811 ἐντὸς
340 1733 395 1800 καὶ
413 1732 625 1803 ἀπεναντίον.
662 1734 779 1821 λάβοις
796 1732 830 1804 δ’
851 1731 894 1803 ἀν
912 1732 982 1822 άμα
999 1738 1059 1821 τῆς
1076 1760 1160 1822 γεω·

142 1844 295 1927 μετρικῆς
317 1837 487 1925 ἀκριβείας
509 1846 622 1909 πίστιν
643 1841 700 1909 καλ
722 1844 789 1910 τῶν
818 1844 856 1910 έν
882 1853 953 1922 τοῖς
979 1838 1159 1929 μαθήμασι

141 1945 341 2032 παραδόξων
359 1943 561 2032 ὑπόμνησιν,
585 1950 616 2014 εί
633 1949 813 2035 δείξαιμεν,
832 1944 883 2017 ὅτι
898 1948 1047 2015 δυνατὸν
1061 1944 1159 2028 ἐντὸς

141 2051 309 2137 τριγώνου
330 2050 424 2132 τινὸς
447 2055 498 2121 ἐπὶ
521 2057 599 2139 μιᾶς
617 2057 684 2121 τῶν
703 2058 856 2142 πλευρῶν
875 2051 936 2141 οὐχ
956 2053 1045 2138 ὅλης,
1068 2050 1156 2122 ἀλλά

90 2181 121 2229 15
141 2159 263 2245 μέρους
286 2155 387 2246 αὐτῆς
409 2165 572 2246 συστῆναι
592 2160 655 2228 δύο
675 2159 810 2240 εὐθείας
828 2166 958 2247 μείζους
975 2162 1043 2227 τῶν
1063 2159 1157 2240 ἐκτὸς

140 2264 195 2331 καὶ
219 2264 320 2334 πάλιν
344 2265 446 2347 ἄλλας
469 2273 602 2353 μείζονα
626 2273 754 2352 γωνίαν
777 2268 993 2353 περιεχούσας
1011 2268 1068 2352 τῆς
1088 2264 1155 2334 ὑπὸ

139 2376 208 2440 τῶν
232 2372 324 2454 έκτὸς
346 2374 590 2461 περιεχομένης.
634 2372 755 2441 τούτου
778 2374 841 2460 γὰρ
870 2374 1062 2459 δειχθέντος
1086 2370 1156 2458 ἅμα

139 2479 201 2566 μὲν
225 2484 345 2567 δῆλον,
376 2480 425 2549 ὅτι
454 2478 643 2567 ἀναγκαίως
667 2478 685 2547 ὁ
709 2478 919 2566 στοιχειωτὴς
941 2479 1155 2564 προσέθηκεν

138 2583 176 2653 τὸ
201 2586 266 2652 άπὸ
286 2590 355 2653 τάν
374 2585 526 2672 περάτων
546 2584 710 2672 ἄρχεσθαι
729 2590 801 2654 δεῖν
819 2590 878 2671 τῆς
892 2588 1007 2670 κοινῆς
1025 2584 1155 2670 βάσεως

86 2714 120 2761 κο
139 2689 198 2768 τὰς
230 2687 323 2768 ἐντὸς
355 2691 597 2776 συνισταμένας
629 2691 684 2756 καὶ
717 2690 754 2757 τὸ
784 2692 835 2759 ἐπὶ
864 2694 941 2775 μιᾶς
969 2688 1049 2775 ὅλης
1077 2709 1154 2758 συν-

139 2802 309 2879 ίστασθαι,
333 2792 416 2862 ἀλλά
441 2795 504 2863 οὐκ
528 2796 580 2864 ἐπὶ
603 2797 724 2883 μέρους
743 2801 801 2883 τῆς
821 2795 908 2882 ὅλης.
945 2794 1013 2881 ἅμα
1032 2796 1069 2863 δέ
1088 2804 1154 2883 καί,

139 2899 219 2987 ὅπερ
239 2909 388 2987 είπομεν,
408 2903 494 2969 ἕντι
513 2907 581 2970 τῶν
601 2905 637 2971 έν
656 2909 838 2992 γεωμετρίᾳ
851 2902 1052 2988 παραδόξων
1071 2898 1153 2969 ἀνα·

138 3008 331 3094 φανήσεται.
368 3013 437 3088 πῶς
460 3006 524 3095 γάρ
549 3006 590 3076 οό
613 3010 816 3095 παράδοξον,
840 3014 871 3076 εί
888 3012 925 3075 αί
942 3008 1003 3094 μὲν
1022 3007 1075 3075 έπί
1094 3012 1154 3094 τῆς

138 3112 218 3200 ὅλης
240 3114 477 3200 συνιστάμεναι
505 3119 572 3183 τῶν
602 3115 694 3196 ἐκτὸς
722 3117 884 3195 ἐλάσσους
912 3120 1013 3197 είσίν,
1046 3117 1084 3180 αί
1115 3113 1153 3181 δὲ

85 3242 119 3291 25
138 3222 191 3288 ἐπὶ
215 3223 336 3306 μέρους
358 3227 520 3307 μείζονες;
557 3221 742 3307 ἀναγκαίου
767 3222 804 3290 δὲ
827 3219 885 3301 τάς
908 3220 1155 3305 συνισταμένας

138 3323 272 3407 εὐθείας
300 3327 364 3395 ἀπὸ
389 3332 457 3395 τῶν
481 3330 634 3413 περάτων
657 3327 821 3415 ἄρχεσθαι
849 3332 907 3413 της
934 3325 1078 3411 βάσεως·
1117 3330 1157 3395 αί

137 3433 200 3520 γὰρ
226 3435 278 3500 ἐπὶ
302 3436 423 3521 μέρους
450 3433 552 3519 αὐτῆς
580 3435 819 3521 συνιστάμεναι
845 3436 900 3502 καὶ
928 3440 1057 3520 μείζους
1089 3437 1154 3503 δεί·

137 3545 280 3606 κνυνταί
300 3564 378 3606 ποτε
399 3544 466 3606 τῶν
486 3539 578 3619 ἐκτὸς
597 3541 652 3607 καὶ
671 3540 837 3608 ἐλάσσονα
855 3540 1069 3625 περιέχουσαι
1088 3568 1154 3626 γω·

136 3650 223 3712 νίαν.
270 3642 357 3711 οὕτω
387 3645 424 3712 δὲ
450 3645 505 3712 καί
528 3647 781 3732 συνισταμένων
810 3644 875 3713 άπὸ
904 3648 972 3713 των
995 3645 1155 3729 περάτων

66 3906 88 3984 Ι
197 3880 239 3928 εκ,
260 3874 288 3929 P.
