2414 4236
217 495 373 547 scnom
392 496 430 546 m
448 496 723 548 ατααεατοειυιι
740 496 880 549 numum
892 496 939 546 vt.
963 468 977 494 ’
1024 492 1087 557 327

75 637 233 724 ἑξήκοντα
256 634 320 721 γάρ
343 635 398 702 καὶ
421 633 611 720 τριάκοντα,
635 633 743 704 ὅέστι
756 634 794 703 τὸ
810 635 914 722 ἥμισυ
928 633 1088 721 μονάδος,

77 742 286 829 ἐνενήκοντα.
318 743 373 808 καλ
392 739 494 809 πάλιν
508 746 783 810 πολνπλασίασον
799 739 837 809 τὸ
848 740 892 821 lL'
905 739 990 826 πρὸς
1002 739 1040 809 τὸ
1054 740 1088 828 γ’

75 850 133 917 καὶ
151 848 221 917 είπέ
242 845 360 927 οὕτως·
383 845 470 928 άπαξ
487 846 525 915 τὸ
544 847 579 933 γ’
593 849 635 934 γ’·
659 853 773 935 τρίτον
792 845 829 914 δέ
843 846 993 933 μονάδος
1006 846 1046 915 τά
1060 852 1089 915 ιἰ.

74 962 202 1043 γίνεται
225 949 289 1022 οὖν
313 952 392 1040 μετά
416 964 484 1021 τῶν
508 953 710 1040 ἐνενήκοντα
732 959 776 1041 ᾇ.
815 954 871 1020 καὶ
894 952 996 1021 πάλιν
1019 953 1089 1022 είπὲ

73 1059 352 1141 πολυπλασιάζων
369 1059 425 1125 καὶ
443 1059 482 1126 τὸ
501 1057 607 1143 ἥμισυ
624 1057 708 1143 πρὸς
721 1057 760 1127 τὸ
775 1057 820 1144 γ’,
844 1055 955 1145 ὥσπερ
970 1060 1087 1127 ἐπολυ-
1124 1082 1141 1130 ο

73 1171 260 1246 πλασίασας
278 1167 333 1232 καλ
351 1164 390 1233 τὸ
410 1161 504 1248 ἅπαξ,
525 1164 581 1232 καὶ
600 1164 669 1232 είπὲ
690 1164 809 1244 οὕτως·
831 1160 988 1251 ἡμισάκις
1001 1163 1038 1233 τὸ
1054 1165 1088 1252 γ’

74 1277 122 1353 εἰς
144 1272 204 1342 τὸν
227 1279 248 1339 ά
272 1273 340 1340 ἐστι
363 1277 391 1338 ῐ.
437 1270 492 1337 καὶ
516 1269 664 1357 πρόσθες
685 1275 791 1338 ταῦτα
812 1283 883 1350 τοῖς
904 1275 941 1358 ρί
962 1272 1018 1339 καὶ
1040 1278 1089 1357 γί-

73 1405 167 1448 νεται
190 1385 245 1465 ρ’κ·
268 1375 379 1462 ὥσπερ
397 1375 463 1463 γάρ
482 1382 596 1464 τρίτον
610 1380 679 1444 τῶν
698 1379 715 1457 ξ
736 1377 777 1445 τά
796 1382 827 1460 τί,
850 1374 958 1456 οὕτως
974 1380 1090 1461 τρίτου

72 1483 177 1571 ἥμισυ
204 1483 277 1571 ἤτοι
306 1486 402 1551 ἕκτον
429 1480 469 1550 τά
492 1487 517 1550 ῖ.
563 1483 620 1549 καὶ
647 1487 774 1568 γίνεται
797 1487 853 1568 ρΤι,
885 1480 907 1550 ά
939 1484 1008 1552 ἐστι
1041 1486 1088 1550 δι-

73 1592 199 1658 πλάσια
226 1594 288 1659 τοῦ
315 1592 340 1671 ξ.
395 1593 426 1656 εί
458 1589 496 1657 δέ
528 1586 746 1674 ἀναβιβάσας
776 1588 816 1656 τά
848 1593 905 1674 ρκ’,
936 1589 992 1656 καὶ
1025 1587 1088 1656 δύο
1109 1612 1142 1661 10

73 1700 179 1765 ταῦτα
201 1695 363 1783 ποιήσεις,
387 1693 433 1762 δι’
455 1685 496 1763 οὗ
521 1691 538 1762 ὁ
563 1693 739 1774 διπλάσιος
761 1693 861 1781 λόγος
885 1696 1088 1780 ἐμφαίνεται.

141 1807 170 1872 6.
218 1807 288 1870 Τοῦ
315 1800 517 1889 σοφωτάτου
545 1801 704 1887 Μαξίμου
735 1804 796 1868 τοῦ
825 1799 1009 1887 Πλανούδη
1042 1804 1090 1880 είς

71 1909 133 1978 τὸν
157 1907 240 1995 ὅρον
262 1911 325 1975 τοῦ
348 1905 380 1986 ς’
404 1905 464 1974 τὸν
489 1905 589 1990 λόγος
616 1909 652 1975 ἐκ
676 1905 797 1993 λόγων.
841 1908 1014 1975 τουτέστιν
1037 1904 1089 1975 ὅτι

71 2027 137 2094 πᾶς
160 2014 259 2100 λόγος
280 2014 336 2081 καί
354 2010 419 2081 ὑπὸ
440 2011 503 2080 δύο
527 2014 583 2081 καὶ
600 2016 705 2097 τριῶν
722 2013 779 2080 καὶ
794 2011 963 2081 πλειόνων
976 2011 1089 2099 λόγων

73 2122 282 2204 συντεθῆναι
300 2119 454 2205 δύναται,
478 2114 553 2187 οἷον
571 2116 590 2187 ὁ
610 2120 785 2197 διπλάσιος
803 2115 821 2186 ὁ
843 2110 882 2204 ἶβ
896 2123 991 2190 τοῦξ
1009 2119 1088 2204 σύγ·
1109 2141 1143 2192 ιο

72 2250 179 2292 κειται
207 2226 243 2292 ἐιι
270 2224 333 2293 δύο
361 2224 473 2311 λόγων
502 2226 536 2306 ἐξ
564 2227 732 2311 ἐπιτρίτου
759 2224 815 2291 καὶ
842 2221 1001 2311 ἡμιολίου
1026 2228 1088 2293 τοῦ

72 2357 108 2399 τε
130 2342 153 2417 ἡ
174 2327 259 2417 πρὸς
280 2328 344 2401 τὸν
366 2336 386 2402 ξ
407 2331 462 2398 καὶ
485 2336 546 2400 τοῦ
569 2322 606 2417 ᾗ
627 2355 712 2416 προς
729 2341 763 2416 ἡ,
787 2327 958 2415 σύγκειται
977 2329 1015 2398 δὲ
1032 2331 1086 2397 καὶ

72 2439 110 2505 ἐκ
126 2446 231 2522 τριῶν
251 2437 284 2516 ἐξ
299 2437 468 2523 ἐπιτρίτου
480 2449 542 2505 τοῦ
557 2450 578 2525 ἡ
597 2433 680 2520 πρὸς
692 2434 754 2504 τόν
768 2440 788 2508 ξ
804 2435 861 2503 παὶ
875 2434 1089 2523 ἐπιτετάρτον

72 2553 135 2610 τοῦ
158 2540 277 2628 ῖπρὸς
299 2540 360 2610 τὸν
383 2554 406 2629 ἡ
427 2544 483 2611 καὶ
506 2545 710 2630 ἐπιπέμπτου
730 2545 793 2611 τοῦ
817 2533 854 2628 [fi
873 2541 959 2630 πρὸς
980 2540 1042 2609 τὸν
1062 2546 1087 2609 ῖ.

71 2645 232 2728 ὡσαύτως
254 2647 292 2717 δὲ
309 2649 366 2716 καὶ
384 2651 420 2717 ἐν
438 2650 613 2717 πλειόνων.
651 2652 917 2735 λαμβανομένων
935 2640 1000 2716 οὖν
1018 2652 1087 2715 των
1107 2673 1141 2722 νο

71 2754 287 2841 παρανόμων
323 2768 394 2835 τοῖς
430 2756 686 2842 συντιθεμένοις
722 2755 836 2841 λόγοις
870 2755 926 2823 καὶ
966 2761 1088 2822 πολλα·

71 2862 345 2948 πλασιαζομένων
372 2859 456 2948 πρὸς
482 2856 650 2948 ἀλλήλους
676 2866 804 2948 γίνεται
832 2857 978 2947 άριδμὸς
1007 2884 1087 2943 παρ-

71 2964 206 3053 άυνμος
227 2970 274 3056 τῷ
298 2967 504 3058 συγκειμένῳ
527 2969 632 3058 λόγῳ·
669 2961 744 3035 οἷον
767 2969 853 3052 ἐπεί,
881 2963 927 3046 ὡς
948 2973 1088 3054 εἴρηται,

72 3071 243 3157 σύγκειται
267 3069 285 3140 ὁ
309 3073 485 3153 διπλάσιος
506 3074 541 3154 ἐξ
564 3076 732 3161 ἐπιτρίτου
753 3075 810 3141 καὶ
831 3070 998 3161 ἡμιολίου,
1022 3078 1088 3160 ἔχει

71 3178 110 3246 δὲ
133 3176 152 3245 ὁ
172 3181 335 3264 ἐπίτριτος
353 3179 439 3259 ἅπαξ
458 3177 541 3247 ὅλον
563 3180 619 3247 καὶ
637 3181 676 3249 τὸ
690 3183 804 3267 τρίτον
817 3182 879 3247 τοῦ
895 3175 952 3248 ὑπ’
969 3177 1086 3264 αὐτόν,
1105 3202 1139 3251 νο

70 3284 233 3371 λαμβάνω
262 3280 337 3352 άντὶ
364 3283 426 3371 μὲν
452 3288 514 3353 τοῦ
542 3282 629 3366 ἅπαξ
657 3283 791 3373 μονάδα
818 3288 914 3372 μίαν,
946 3281 1022 3352 άντὶ
1050 3283 1088 3353 δὲ

70 3394 132 3458 τοῦ
154 3395 270 3477 τρίτον
292 3389 335 3476 γ’.
376 3389 478 3457 πάλιν
502 3392 572 3459 ἐπεὶ
595 3388 613 3459 ὁ
637 3388 792 3478 ἡμιόλιος
809 3395 876 3478 ἔχει
898 3388 985 3473 άπαξ
1003 3389 1087 3460 ὅλον

143 3680 168 3729 6.
188 3675 201 3727 t
219 3672 267 3728 fol.
288 3679 347 3730 123.

145 3841 170 3888 1.
189 3829 325 3905 μονάδος]
345 3849 430 3904 supra
449 3850 500 3889 ιω.
519 3831 554 3890 V.
627 3838 654 3890 ³.
670 3834 766 3906 τρίτον
781 3864 816 3876 -
828 3835 872 3909 ἢ
884 3850 977 3906 mm
991 3835 1102 3889 w.
