2424 4320
123 448 191 514 680
397 447 579 502 ΔΡΡΕΝΕΙΧ
598 449 834 503 SCHOLIORUM
847 452 868 505 1.

124 589 162 658 δὲ
186 597 255 657 ἴσαι
279 592 317 655 αί
337 588 421 677 πρὸς
438 594 484 681 τῷ
505 596 532 657 Ζ
550 589 606 658 ιιαῖ
619 596 659 676 Γ,
683 594 782 678 διπλῆ
803 593 894 660 ἐστιν
912 587 933 678 ἡ
952 587 1020 658 ὑπὸ
1036 600 1067 660 A
1074 595 1147 659 ΔΓ

122 699 182 780 τῆς
204 694 288 784 πρὸς
310 699 356 786 τῷ
380 702 408 763 Ζ
430 701 563 781 γωνίας.

191 805 221 869 5.
266 804 379 889 Διπλῆ
412 801 478 887 ἄρα
510 828 541 890 p.
565 806 595 888 6,
618 805 653 886 3]
687 801 745 871 διὰ
775 802 813 872 τὸ
839 801 881 871 τὰ
910 800 1141 872 ὑποδιπλοὶσιοί

123 933 216 987 τινος
239 908 399 976 διπλάσια
423 905 510 976 εἴναι
533 919 594 977 τοῦ
616 906 927 996 ὑποτετραπλασίον
948 911 1090 977 ἐκείνου.

88 1037 106 1086 σ
192 1016 221 1080 6.
249 1010 344 1081 ’Ἐστι
373 1013 411 1081 δὲ
437 1014 493 1082 καῖ
520 1011 541 1101 ἡ
572 1011 639 1082 ὑπὸ
667 1020 768 1082 ΕΖΓ
795 1041 825 1102 p.
849 1018 885 1101 6,
907 1018 942 1099 4]
977 1013 1041 1082 δύο
1074 1011 1141 1100 γὰρ

123 1123 272 1205 τρίγωνα
293 1116 334 1187 τὰ
357 1124 474 1204 ΗΓΕ,
499 1125 595 1187 ΕΓΖ
621 1118 681 1199 τὰς
707 1121 770 1188 δύο
798 1116 944 1207 πλευρὰς
964 1132 1039 1199 ταῖς
1061 1119 1144 1187 ὃνσῖ

123 1232 283 1308 πλευραῖς
311 1231 384 1304 ἴσας
412 1229 478 1311 ἔχει
505 1225 562 1291 καῖ
584 1223 644 1304 τὰς
670 1223 755 1308 πρὸς
776 1228 824 1317 τῷ
848 1231 880 1293 Ε
904 1231 1030 1310 γωνίας
1054 1231 1145 1304 ἴσας·

125 1328 228 1416 ὀρθαὶ
256 1328 334 1417 γάρ·
370 1330 427 1397 καῖ
452 1330 515 1416 τὴν
543 1328 645 1415 βάσιν
672 1333 713 1419 τῇ
741 1329 838 1417 βάσει
867 1338 945 1417 ἴσην
972 1331 1038 1410 ἕξει
1065 1328 1143 1417 ἤτοι

123 1434 186 1521 τὴν
204 1441 275 1503 ΗΓ
293 1437 333 1523 τῇ
352 1440 414 1502 ΓΖ
436 1436 492 1502 καῖ
514 1433 573 1515 τὰς
595 1441 721 1523 γωνίας
742 1434 802 1516 τὰς
823 1432 907 1523 πρὸς
924 1438 970 1527 τῷ
985 1440 1025 1502 Η
1042 1437 1100 1503 καῖ
1115 1441 1145 1503 Ζ

73 1565 106 1614 10
126 1549 210 1625 ἴσας,
233 1539 294 1628 ὑφ’
316 1537 356 1620 ἃς
379 1545 417 1608 αἴ
438 1549 507 1609 ἴσαι
530 1541 670 1629 πλευραὶ
692 1538 917 1610 ὑποτείνουσα

194 1650 222 1716 7.
267 1645 342 1733 Ἵση
375 1645 441 1735 ἄρα
471 1645 574 1735 καῖἡ
607 1654 685 1716 ΔΗ
713 1651 754 1737 τῇ
781 1654 847 1716 ΖΓ
879 1673 909 1735 p.
937 1650 971 1732 6,
1000 1651 1035 1732 7]
1073 1674 1144 1735 τρι·

125 1751 240 1840 γώνου
262 1751 328 1841 γὰρ
351 1757 413 1821 τοῦ
432 1758 542 1821 ΗΔΓ
561 1752 655 1834 ἐκτός
678 1757 747 1824 ἐστι
769 1759 876 1839 γωνία
899 1749 920 1841 ἡ
939 1749 1006 1821 ὑπὸ
1026 1759 1142 1839 ΕΗΓ,

124 1864 184 1926 καί
210 1861 300 1928 ἐστιν
333 1868 389 1946 ἴση
422 1859 500 1926 δυσῖ
527 1871 599 1938 ταῖς
626 1858 722 1939 ἐντὸς
750 1860 807 1927 καῖ
834 1855 1038 1928 ἀπεναντίον
1065 1857 1142 1945 ἤτοι

125 1979 197 2045 ταῖς
215 1964 346 2055 πρὸς
315 1990 361 2032 τω
347 1969 410 2031 ’Δ
427 1964 483 2031 καῖ
498 1970 534 2032 Γ.
571 1970 641 2033 ἔστι
664 1965 703 2033 δὲ
725 1970 783 2052 τῆς
805 1964 938 2057 πρὸς
906 1992 952 2035 τω
973 1975 1006 2032 Δ
1026 1968 1141 2051 διπλῆ·

126 2176 209 2264 πρὸς
230 2182 276 2270 τῷ
301 2184 344 2245 Γ·
369 2176 470 2264 ἴση”
448 2205 513 2262 αρα
536 2177 557 2265 ἡ
582 2186 658 2247 ΛΗ
677 2178 805 2265 πλευρὰ
826 2189 865 2266 τῇ
889 2184 964 2245 ΗΓ.

194 2289 224 2352 8.
257 2281 403 2352 Ἐπεὶ
365 2311 430 2371 γαρ
449 2285 627 2365 ιιαθετοςτ
610 2285 782 2353 υπόκειται
800 2283 821 2371 ἡ
837 2293 870 2352 Λ
876 2291 903 2351 Ζ
923 2281 1024 2351 ἐπὶ
989 2308 1052 2369 την
1067 2290 1142 2368 ΒΓ,

125 2386 146 2475 ἡ
170 2388 282 2454 AZ'
268 2389 334 2474 ἄρα
367 2393 567 2476 ἐκβληθεῖσα
592 2391 701 2460 ἐπὶ
669 2419 706 2459 το
731 2399 762 2458 Ε
787 2388 895 2479 ὀρθας
922 2389 1054 2477 ποιήσει
1084 2391 1144 2457 καῖ

125 2493 184 2571 τὰς
206 2492 272 2561 ὑπὸ
292 2503 398 2580 ΒΖΕ,
417 2499 574 2564 ΓΖΕέ
574 2495 617 2564 ἀν
640 2497 704 2583 γὰρ
729 2496 791 2564 δύο
963 2518 999 2576 Α

72 2626 108 2677 20
128 2597 258 2668 εὐθεῖαι
276 2602 441 2687 τέμνωσιν
460 2597 615 2688 αλλήλας,
634 2631 693 2683 τας
708 2605 792 2670 κατὰ
850 2581 1046 2847 (AN

126 2705 283 2792 κορυφὴν
306 2713 430 2791 γωνίας
453 2716 527 2788 ἴσας
546 2705 703 2795 ἀλλήλαις
721 2735 792 2777 ποι·
876 2606 1137 3018 sm

126 2810 257 2897 ηὀουσι.
303 2818 372 2881 ἔστι
401 2814 438 2882 δὲ
460 2812 560 2900 καὶὴ
583 2815 668 2902 πρὸς
688 2819 734 2907 τῷ
759 2792 855 2926 A(

126 2923 233 3003 γωνία
257 2927 311 3005 ἴση
335 2947 374 3008 τη
393 2920 476 3006 πρὸς
494 2925 540 3013 τῷ
559 2928 601 2988 Ε
626 2922 793 3110 ἰσοσκελὲς
778 2792 1104 3120 Βλη-ζ---ΰ

125 3050 191 3110 γαρ
215 3023 252 3092 τὸ
274 3032 379 3094 ΔΒΕ
399 3032 564 3112 τρίγωνον
589 3027 697 3095 δια
664 3030 755 3110 τοὲξ

71 3154 108 3204 25
126 3128 242 3215 yoe'vov
263 3130 461 3219 πλευρὰν
431 3158 519 3200 ειναι
536 3132 599 3220 τὴν
618 3141 690 3218 ΒΕ,
714 3143 792 3221 ἴσην

127 3233 166 3301 δὲ
190 3234 277 3302 εἴναι
299 3237 403 3325 ταύτη
428 3265 489 3322 την
514 3240 549 3305 ἐκ
572 3243 632 3306 τοῦ
655 3240 848 3326 κέντρου
813 3268 876 3329 την
896 3250 972 3312 ΛΒ.
1010 3242 1075 3311 δύο
1099 3243 1144 3329 δὴ

126 3346 273 3426 τριγωνα
291 3340 331 3407 τὰ
349 3349 459 3428 ΔΒΖ,
475 3350 573 3410 ΖΒΕ
590 3346 751 3431 ίσυγαίνιᾶ
766 3351 864 3416 είσιυ·
889 3346 1061 3435 ἀνάλογον
1076 3349 1144 3435 ἄρα

198 3579 220 3626 5.
242 3572 287 3627 ν.
363 3580 386 3627 ο.
408 3572 453 3627 v2.
528 3580 551 3628 ι.
577 3573 622 3629 v2.
696 3581 720 3631 s.
742 3575 956 3648 νομαί).

120 3708 338 3719 ι--μ--ο

198 3791 222 3841 7.
242 3789 316 3842 Ante
335 3785 394 3858 ἔχει
413 3787 467 3842 del.
487 3790 539 3841 καί
555 3787 588 3844 V.
663 3794 704 3843 18.
725 3786 769 3861 τό]
789 3787 841 3860 τήν
860 3789 894 3845 V.
