2414 4236
133 504 176 570 56
503 505 706 561 Στοιενικει
724 501 772 561 α’.

133 646 247 733 γόνου
269 649 400 740 καθέτω
424 646 636 735 γραφόμεναι
658 648 865 735 περιφέρειαι
886 647 1067 734 τέμνουσιν
1089 644 1148 714 ἆλ-

134 755 235 840 λήλας
256 752 339 822 κατὰ
362 753 400 822 τό
425 761 458 822 B
477 767 633 841 σημείου,
664 753 721 822 καί
748 756 786 820 αί
810 751 868 821 ἀπ’
892 750 1000 821 αύτού
1027 751 1080 821 ἐπί
1106 750 1149 821 τὰ

134 868 179 946 Β,
203 866 235 928 Γ
262 858 534 947 ἐπιζευγνύμεναι
566 857 698 929 εύθείαι
729 861 917 947 περιέξουσι
946 857 1009 946 τήν
1035 864 1147 928 κλίσιν

133 972 203 1035 τῶν
230 967 410 1035 ἐπιπέδων·
446 970 546 1035 τοῦτο
575 965 613 1034 δὲ
639 956 684 1052 ήν
710 963 748 1034 τδ
776 967 964 1053 εἰρημένον.
1009 967 1066 1033 καί
1093 966 1148 1034 δτι

99 1073 198 1161 ὁμὲν
220 1074 371 1160 κέντροις
396 1086 468 1153 τοϊς
490 1081 535 1153 Β.
559 1078 602 1159 Γ,
635 1070 832 1160 διαστήματι
859 1071 897 1140 δὲ
923 1075 964 1160 τῇ
991 1075 1053 1140 τοῦ
1080 1097 1149 1156 τρι·

134 1178 248 1266 γόνου
261 1180 392 1272 καθέτφ
411 1179 621 1267 γραφόμενοι
640 1178 756 1249 κύκλοι
776 1178 956 1266 τέμνουσιν
974 1176 1148 1265 ἀλλήλους,

135 1286 297 1372 φανερόν·
331 1287 468 1373 ἑκατέρα
491 1284 556 1373 γὰρ
578 1289 647 1354 τῶν
670 1291 745 1361 BE.
768 1289 838 1354 ΒΓ
854 1290 974 1373 μείζων
997 1284 1067 1353 ἐστί
1089 1288 1148 1371 τῆς

134 1390 285 1479 ἡμισείας
306 1396 365 1478 τής
387 1397 458 1460 ΒΓ.
504 1395 540 1459 οί
561 1390 598 1459 δὲ
619 1393 770 1479 κέντροις
792 1404 862 1471 τοίς
884 1397 925 1479 Β,
948 1398 986 1476 Γ,
1015 1389 1148 1477 διαστή-

135 1525 212 1584 ματι
243 1498 280 1567 δὲ
307 1502 346 1587 τῇ
375 1496 509 1587 ἡμισείᾳ
535 1502 595 1583 τῆς
621 1503 690 1566 ΒΓ
715 1496 924 1586 γραφόμενοι
950 1497 1067 1566 κύκλοι
1091 1499 1148 1583 έφ-

84 1627 117 1676 10
136 1603 297 1673 νίπτονται
317 1603 484 1691 ἀλλήλων·
508 1608 539 1672 εί
557 1603 594 1672 δέ
613 1601 759 1672 έλύττων
781 1595 815 1691 ᾖ,
838 1600 920 1672 ούδέ
943 1602 1149 1691 ἐφάπτονται

136 1709 217 1779 οὐδὲ
234 1712 428 1797 τέμνουσιν·
451 1714 482 1778 εί
504 1709 542 1778 δὲ
565 1715 696 1796 μείζων,
706 1708 853 1791 ’παντως
870 1710 1058 1797 τέμνουσιν.
1091 1709 1148 1776 καί

136 1814 242 1895 οὕτως
265 1813 283 1883 ὁ
307 1816 383 1900 περὶ
405 1820 465 1903 τῆς
487 1820 675 1903 πυραμίδος
697 1815 809 1903 σαφής
826 1841 862 1884 τε
883 1814 939 1882 καί
958 1811 1148 1895 ἀκόλουθος

134 1935 207 2000 ταῖς
229 1919 418 2003 ἀποδείξεσι
441 1929 597 2009 φαίνεται
620 1921 730 2009 λόγος.

202 2027 393 2114 Νενοήσθω
418 2028 460 2117 δή
487 2028 589 2098 πόλιν
612 2029 665 2098 ἐπὶ
691 2027 903 2115 τετραγώνου
930 2033 991 2096 τοῦ
1015 2033 1149 2095 ΑΒΓΔ

85 2158 117 2206 15
136 2135 280 2220 πυραμίς
298 2134 455 2224 κορυφήν
469 2141 591 2224 ἔχουσα
605 2135 642 2205 τὸ
658 2143 690 2202 B
705 2136 761 2203 καί
775 2134 815 2202 τὰ
829 2136 1023 2222 περιέχοντα
1042 2131 1149 2219 αύτήυ

136 2244 213 2327 δίχα
227 2244 285 2327 τῆς
298 2239 426 2328 βάσεως
439 2249 585 2329 τρίγωνα
601 2243 789 2326 ίσόπλευρα.
809 2248 900 2310 ἔσται
911 2240 983 2329 δήή
996 2247 1152 2308 ΑΒΓΔΕ

136 2347 280 2433 πυραμίς
303 2345 406 2435 ἥμισυ
427 2345 619 2437 ὀκταέδρου.
655 2348 831 2435 τετμήσθω
850 2354 909 2434 μία
927 2345 1053 2433 πλευρὰ
1074 2346 1150 2424 ἑνὸς

136 2453 304 2539 τριγώνου
327 2451 347 2540 ή
371 2462 441 2521 AB
467 2458 543 2542 δίχα
570 2455 653 2522 κατὰ
680 2453 718 2521 τὸ
742 2461 785 2537 Ζ,
813 2453 867 2520 καί
896 2450 1149 2538 ἐπεζεύχθωσαν

136 2563 174 2625 αί
194 2567 267 2643 ΒΖ,
287 2566 362 2625 ΛΖ.
404 2569 474 2627 ίσαι
497 2560 563 2647 ἄρα
588 2560 674 2628 είσίν
697 2563 735 2625 αί
756 2565 783 2625 Β
791 2566 828 2644 Ζ,
849 2567 882 2625 A
888 2566 914 2625 Z
936 2559 993 2625 καί
1011 2557 1149 2625 κάθετοι

83 2689 118 2737 20
138 2665 190 2731 ἐπὶ
213 2663 275 2749 τὴν
298 2672 374 2730 AB.
420 2667 520 2751 λέγω,
545 2663 596 2732 ὅτι
620 2662 640 2750 ή
664 2662 729 2732 ὑπὸ
755 2671 857 2732 ΒΖΔ
879 2670 986 2751 γωνία
1009 2663 1149 2751 ἀμβλεῖα

137 2772 237 2837 ἐστιν.
270 2768 456 2856 ἐπεζεύχθω
472 2770 536 2858 γόιρ
553 2770 573 2857 ή
591 2777 667 2838 BA.
698 2771 754 2837 καί
769 2771 839 2838 ἐπεὶ
854 2770 1065 2856 τετράγωνόν
1081 2772 1149 2837 ἐστι

137 2874 174 2942 τό
190 2886 222 2942 Α
229 2881 266 2960 Γ,
286 2875 462 2963 διάμετρος
476 2876 514 2944 δὲ
532 2873 553 2962 ή
570 2884 646 2959 ΒΔ,
665 2874 704 2944 τὸ
722 2874 788 2944 ἀπὸ
807 2880 865 2963 τῆς
884 2883 951 2943 BA
970 2875 1150 2943 διπλάσιόν

138 2984 206 3049 ἐστι
230 2993 290 3050 τοῦ
314 2980 379 3050 ἀπὸ
402 2993 460 3067 τῆς
484 2992 562 3050 AA.
608 2982 646 3051 τὸ
671 2982 708 3050 δέ
732 2980 796 3050 ἀπὸ
820 2986 879 3069 τής
903 2990 973 3048 ΔΛ
998 2982 1083 3068 πρὸς
1111 2982 1149 3050 τὸ

137 3085 201 3156 ἀπὸ
222 3093 279 3175 τῆς
294 3097 327 3155 A
334 3097 360 3156 Z
379 3091 482 3176 λόγον
501 3094 578 3176 ἔχει,
602 3087 648 3168 ὥς
666 3091 703 3157 ἐν
722 3093 767 3182 τῷ
786 3085 851 3175 πρὸ
870 3087 992 3156 τούτου
1011 3096 1150 3174 εἴρηται,

84 3220 118 3267 κο
139 3192 179 3263 ὃν
198 3187 224 3262 δ
246 3194 329 3282 πρὸς
351 3224 381 3282 γ.
424 3196 479 3263 καί
503 3195 540 3263 τὸ
564 3192 631 3264 ἀπὸ
655 3200 714 3281 τῆς
736 3203 804 3264 BA
827 3193 894 3282 ἄρα
916 3192 999 3281 πρὸς
1021 3193 1059 3262 τό
1083 3193 1148 3262 ἀπὸ

137 3312 196 3387 τῆς
219 3309 285 3369 AZ
308 3304 412 3388 λόγον
435 3308 513 3389 ἔχει,
543 3287 586 3370 δν
610 3313 631 3388 ἦ
654 3287 737 3389 πρός
759 3306 789 3388 γ.
835 3309 889 3386 ίση
914 3299 951 3369 δέ
974 3297 995 3387 ή
1020 3309 1086 3368 AZ
1109 3306 1149 3389 τῇ

137 3415 207 3476 ΖΒ.
260 3406 296 3475 τὸ
331 3405 395 3495 ἄρα
424 3406 490 3477 ἀπὸ
519 3414 578 3496 τής
600 3416 667 3476 BA
694 3411 763 3475 τῶν
791 3405 857 3474 ἀπὸ
887 3411 955 3475 τῶν
982 3415 1059 3492 ΒΖ,
1085 3415 1150 3474 ZA

212 3576 233 3622 1.
253 3565 382 3640 καθέτῳ]
401 3567 445 3621 bis
460 3586 496 3622 m.
567 3565 705 3637 τέμνωσιν
724 3568 754 3623 P.
827 3573 852 3620 2.
872 3563 956 3638 κατα]
977 3562 1100 3630 ὡςκατοὶ
1119 3566 1149 3621 P.

174 3633 242 3709 ἀπ’]
262 3633 309 3692 ἐπ’
329 3657 366 3694 m.
435 3646 459 3695 ³.
479 3636 657 3708 περιέξουσιν
676 3638 707 3694 Β.
772 3645 796 3694 θ.
816 3638 943 3692 καθέτου
962 3638 993 3692 Ρ.
1048 3645 1073 3691 8.
1089 3633 1151 3705 ήμι·

137 3705 252 3771 σύαςτ.
314 3706 451 3781 οί]ήιυ.
524 3707 775 3777 9.ἐφύιιτοντετ.
850 3703 1033 3779 10.εί]ήν.
1108 3715 1149 3762 11.

136 3778 166 3836 εί
183 3811 215 3821 --
234 3777 399 3852 τέμνουσιν]
417 3782 445 3835 in
465 3798 517 3837 τεο.
536 3800 572 3835 m.
594 3787 607 3835 1
627 3798 653 3835 v.
718 3779 853 3850 τέμνουσι
870 3777 937 3833 Vm.
1008 3785 1048 3833 12.
1069 3770 1152 3841 οὗτος

68 3846 219 3999 *Vn
314 3857 355 3908 1³.
380 3852 458 3924 ταῖς]
482 3858 541 3916 τοῖς
558 3849 588 3907 Ρ.
679 3846 861 3916 ἀποδείξεσιν
884 3849 916 3905 Β.
1008 3855 1049 3907 14.
1074 3847 1098 3916 ζ’
1120 3852 1150 3907 Ρ.
