2414 4236
211 500 368 551 SCHOLIA
385 500 424 550 IN
442 493 716 550 ELEMENTORUM
734 498 873 550 LIBRUM
887 499 921 551 X.
1002 496 1069 562 545

54 641 73 709 ὁ
98 648 157 729 ρῆῖε
179 641 235 707 καὶ
259 637 276 707 ὁ
302 645 349 723 κ’ἑ,
373 637 566 725 μερισθὴτω
588 643 707 706 τοίνυν
729 634 767 705 τὸ
787 635 853 705 οάτὸ
872 648 932 724 τῆς
950 641 985 707 ἐκ
1005 637 1068 707 δύο

54 746 232 833 ὀνομάτων
246 745 457 832 τετράγωνον
473 741 515 813 δν
525 748 630 831 τριων
640 742 816 831 μυριάδων
830 744 885 810 καὶ
895 747 1069 831 δισχιλίων

54 858 279 939 τετρακοσίων
302 856 392 939 παρὰ
416 854 480 939 τὴν
503 849 609 937 ῥητὴν
630 854 694 935 τὴν
714 857 784 917 ΛΕ
805 840 912 917 οὖσαν
936 856 991 935 ρ’ῑτ,
1013 850 1069 916 καὶ

55 960 93 1029 τὸ
113 958 260 1027 ἀπὸτοῦ
279 963 444 1045 μερισμοῦ
464 957 617 1042 εὑρεθέν,
638 955 718 1044 ὅπερ
738 956 862 1034 πλάτος
879 961 1070 1042 παραβολῆς

53 1075 213 1151 καλεῖται,
237 1070 328 1132 ἔσται
352 1064 485 1143 κοίντως
508 1060 592 1150 αὐτὴ
615 1060 635 1149 ἡ
656 1064 692 1130 ἐκ
712 1060 775 1130 δύο
796 1059 972 1149 ὀνομάτων
992 1081 1068 1148 συγ·
1106 1091 1123 1140 ⁶

55 1173 190 1258 κειμένη
214 1169 288 1257 ἤτοι
312 1168 332 1256 ἡ
357 1194 409 1255 ρει.

124 1282 198 1346 331.
221 1275 266 1344 Ἡ
277 1281 374 1344 AB
356 1297 375 1347 ς
390 1282 496 1362 νηνγ,
515 1274 552 1343 τὸ
568 1273 633 1344 ἀπὸ
647 1280 707 1361 της
720 1280 845 1342 AB*
800 1303 844 1361 μη
855 1279 898 1361 μδ
910 1277 1000 1360 κγιδ
1009 1280 1070 1361 μθ

54 1412 75 1470 η
62 1383 121 1451 Δ
127 1392 157 1452 Ε
171 1372 201 1469 δ,
216 1387 254 1453 τὸ
269 1383 392 1461 πλατος
405 1387 464 1469 τῆς
477 1381 701 1469 καραβολῆς“
685 1409 706 1468 η
718 1391 751 1449 Δ
757 1389 794 1449 Η
805 1387 885 1467 ιβ
851 1409 884 1449 ια
893 1392 911 1448 ῑ
920 1388 964 1469 μη
959 1387 1058 1508 μβ“
1031 1408 1070 1465 ιε,

55 1491 93 1558 τὸ
118 1489 185 1557 απὸ
210 1517 269 1575 της
288 1488 395 1558 ΑΓ
375 1516 448 1576 ητοι
471 1515 509 1556 το
529 1495 649 1555 ΔΘ
620 1508 662 1571 ις,
686 1480 848 1573 ηΛΚδ,
871 1514 909 1556 το
929 1512 993 1556 αιιο
1013 1515 1071 1574 της

56 1601 116 1663 ΓΒ
135 1592 1069 1682 ητοιτοΚΛηνγιθιδμδ,ηΚλἸβιγιθμημβιε,
1092 1627 1124 1674 ιο

54 1700 93 1769 τδ
118 1700 245 1783 αταξ“
227 1700 293 1771 υπὸ
318 1707 387 1771 τῶν
408 1709 485 1788 ΛΓ,
505 1708 624 1770 ΓΒ-
590 1728 624 1769 ια
641 1707 680 1770 νε
677 1706 751 1787 λβ,
775 1698 895 1788 ἡΜΝ
913 1689 998 1788 β
955 1730 996 1788 νη
1016 1707 1070 1788 νγ,

57 1805 182 1894 ὁμοίως
205 1807 299 1876 καὶ’
284 1836 305 1895 η
330 1815 408 1878 NH
426 1807 537 1876 καὶ
504 1834 542 1877 το
568 1815 644 1877 ΝΖ.

123 1920 196 1982 332.
229 1913 408 1999 Ἑκάτερον
427 1915 494 2001 ἄρα
512 1920 581 1983 τῶν
600 1941 629 2001 p.
647 1917 718 2000 182,
739 1919 792 1998 14]
813 1911 832 1983 δ
852 1918 950 2002 λέγει,
971 1919 1071 1999 ἐστίν,

55 2019 105 2087 ὅτι
130 2023 271 2087 ἕκαστον
294 2020 646 2108 παραλληλόγραμμον
670 2020 706 2090 τδ
729 2021 967 2110 περιεχόμενον
986 2021 1071 2104 ἅπαξ

59 2123 124 2193 ὑπὸ
154 2136 222 2194 τῶν
251 2133 330 2207 ΑΓ,
354 2133 414 2194 ΓΒ
447 2121 522 2195 οἷον
550 2126 587 2197 τὸ
612 2131 686 2204 ΜΞ
715 2130 783 2196 ἐστι
815 2128 853 2197 τὸ
887 2127 973 2211 ἅπαξ
1005 2127 1069 2196 ὑπὸ
1092 2154 1123 2204 15

55 2235 123 2300 τῶν
148 2238 227 2317 ΑΓ,
252 2238 313 2299 ΓΒ
346 2233 402 2299 καὶ
430 2233 532 2301 πάλιν
559 2233 597 2303 τὸ
627 2242 694 2302 ΝΖ
726 2233 764 2302 τὸ
793 2232 879 2316 ἅπαξ
907 2232 974 2302 ὑπὸ
1002 2239 1071 2302 τῶν

56 2344 133 2421 ΑΓ,
157 2345 227 2407 ΓΒ.
278 2340 346 2407 ἐπεὶ
374 2338 439 2426 γὰρ
471 2337 554 2407 ὅλον
580 2339 618 2407 τὸ
645 2347 716 2408 ΜΖ
749 2341 817 2407 ἐστι
849 2339 886 2407 τὸ
921 2340 973 2418 δὶς
1004 2337 1070 2407 ὑπὸ

56 2449 124 2512 τῶν
148 2451 224 2527 ΑΓ,
247 2452 324 2530 ΓΒ,
357 2447 511 2531 τέτμηται
539 2445 576 2514 δὲ
602 2450 678 2532 δίχα
702 2442 722 2532 ἡ
748 2452 839 2529 ΜΗ,
869 2447 989 2530 δῆλον,
1019 2444 1071 2514 ὅτι

55 2550 94 2617 τὸ
121 2555 193 2623 ΜΞ
214 2549 318 2635 ἥμισύ
342 2554 412 2618 ἐστι
435 2556 496 2620 τοῦ
523 2559 601 2619 ΜΖ.
639 2549 723 2620 ὥστε
745 2549 784 2619 τὸ
808 2548 893 2631 ἅπαξ
917 2550 986 2618 ἐστὶ
1010 2555 1071 2618 τοῦ

56 2651 122 2721 ὑπὸ
145 2659 214 2722 τῶν
238 2662 312 2740 ΑΓ,
336 2662 408 2723 ΓΒ.
1088 2684 1123 2733 κο

425 2853 480 2917 Ad
504 2876 608 2938 prop.
631 2852 716 2918 LXI.

126 2978 201 3045 333.
239 2976 337 3060 Μέση
366 2964 410 3059 ἦν
439 2970 459 3060 ἡ
489 2976 660 3061 δυναμένη
686 2983 812 3063 χωρίον
835 2976 1072 3062 περιεχόμενον

57 3078 123 3147 ὑπὸ
150 3083 261 3167 ῥητῶν
285 3080 428 3166 δυνάμει
451 3079 559 3167 μόνον
583 3083 791 3169 συμμέτρων,
816 3075 890 3149 οἷον
913 3078 934 3167 ἡ
954 3087 1071 3150 εἰκοσι-

58 3186 288 3272 τεσσαράτιους
311 3188 366 3254 καὶ
385 3186 648 3315 τριακογτοὶιτους
667 3187 763 3275 μήκει
781 3189 843 3273 μέν
861 3193 948 3256 εἰσιν
967 3186 1070 3276 ἀσύμ-

57 3318 187 3379 μετροι,
221 3291 362 3380 δυναμει
394 3292 430 3361 δὲ
463 3293 658 3381 σύμμετροι·
701 3297 741 3362 τὰ
774 3321 839 3382 γαρ
871 3291 928 3362 ἆτ’
959 3296 1072 3365 αὐτῶν
1091 3321 1124 3371 κο

56 3398 248 3486 τετράγωνα
270 3426 310 3467 τα
334 3426 369 3467 τε
388 3421 455 3483 φας
477 3399 589 3468 καὶ
557 3428 594 3469 το
620 3399 812 3469 ἐννακόσιοι
834 3406 937 3492 κοινῷ
960 3410 1071 3494 χωρίω

59 3523 87 3528 ”
129 3558 255 3616 331712
329 3558 554 3628 ομνια).
628 3560 808 3630 aaaq(p=.)

130 3710 154 3755 7.
178 3697 222 3772 τό]
242 3717 311 3756 corr.
332 3718 402 3769 exn
391 3696 456 3756 V
548 3707 589 3755 14.
613 3697 695 3786 τό]ὲ
697 3699 844 3759 onw'V.
937 3711 977 3759 16.
1002 3704 1070 3776 τῶν]

56 3774 107 3841 τῆς
126 3771 182 3840 Vq.
258 3780 299 3828 16.
319 3793 356 3827 τω
336 3722 402 3844 ῶην]
405 3792 455 3841 της
476 3773 532 3842 Vq.
591 3773 661 3845 τῶν]
682 3794 730 3843 της
748 3772 802 3842 Vq.
874 3780 916 3831 26.
936 3773 968 3830 τδ
988 3771 1072 3831 lm

57 3844 163 3915 κδσιοι]
185 3859 236 3899 scr.
256 3841 290 3898 τὰ
311 3837 473 3899 ἐννακόσια.

104 3942 145 3979 τι
150 3941 243 3981 anna
247 3942 420 3992 ,ιιιιαταιο
395 3955 463 3996 οισι
450 3945 544 3988 contu
514 3947 638 3999 enm
899 3938 941 3987 66
