<?xml version="1.0" encoding="UTF-8"?>
<!DOCTYPE html PUBLIC "-//W3C//DTD XHTML 1.0 Transitional//EN"
    "http://www.w3.org/TR/xhtml1/DTD/xhtml1-transitional.dtd">
<html xmlns="http://www.w3.org/1999/xhtml" xml:lang="en" lang="en">
 <head>
  <title>
</title>
<meta http-equiv="Content-Type" content="text/html;charset=utf-8" />
  <meta name='ocr-system' content='tesseract 3.04.00' />
  <meta name='ocr-capabilities' content='ocr_page ocr_carea ocr_par ocr_line ocrx_word'/>
</head>
<body>
  <div class='ocr_page' id='page_1' title='image "./euclidisoperaom10unkngoog_0246.png"; bbox 0 0 2414 4236; ppageno 0'>
   <div class='ocr_carea' id='block_1_1' title="bbox 247 508 1098 580">
    <p class='ocr_par' dir='ltr' id='par_1_1' title="bbox 247 508 1098 580">
     <span class='ocr_line' id='line_1_1' title="bbox 247 508 1098 580; baseline 0.012 -20"><span class='ocrx_word' id='word_1_1' title='bbox 247 508 405 562; x_wconf 71' lang='lat' dir='ltr'>sellom</span> <span class='ocrx_word' id='word_1_2' title='bbox 421 511 462 565; x_wconf 78' lang='lat' dir='ltr'><strong>m</strong></span> <span class='ocrx_word' id='word_1_3' title='bbox 478 511 754 565; x_wconf 59' lang='lat' dir='ltr'><strong>ammom</strong></span> <span class='ocrx_word' id='word_1_4' title='bbox 772 514 912 566; x_wconf 83' lang='lat' dir='ltr'><strong>LIBRUM</strong></span> <span class='ocrx_word' id='word_1_5' title='bbox 925 516 946 568; x_wconf 92' lang='lat'><strong><em>1.</em></strong></span> <span class='ocrx_word' id='word_1_6' title='bbox 1036 516 1098 580; x_wconf 78' lang='grc'><strong><em>117</em></strong></span> 
     </span>
    </p>
   </div>
   <div class='ocr_carea' id='block_1_2' title="bbox 82 647 1099 965">
    <p class='ocr_par' dir='ltr' id='par_1_2' title="bbox 82 647 1099 965">
     <span class='ocr_line' id='line_1_2' title="bbox 84 647 1099 741; baseline 0.009 -26"><span class='ocrx_word' id='word_1_7' title='bbox 84 653 281 736; x_wconf 84' lang='grc' dir='ltr'><strong><em>προσεχείας</em></strong></span> <span class='ocrx_word' id='word_1_8' title='bbox 315 647 382 736; x_wconf 85' lang='grc' dir='ltr'><strong><em>γὰρ</em></strong></span> <span class='ocrx_word' id='word_1_9' title='bbox 418 657 524 729; x_wconf 75' lang='grc' dir='ltr'><strong><em>αἴτιος</em></strong></span> <span class='ocrx_word' id='word_1_10' title='bbox 561 647 579 719; x_wconf 88' lang='grc' dir='ltr'>ὁ</span> <span class='ocrx_word' id='word_1_11' title='bbox 618 651 801 740; x_wconf 90' lang='grc' dir='ltr'><strong><em>διορισμός.</em></strong></span> <span class='ocrx_word' id='word_1_12' title='bbox 855 653 936 741; x_wconf 83' lang='grc' dir='ltr'><strong><em>μετὰ</em></strong></span> <span class='ocrx_word' id='word_1_13' title='bbox 969 655 1007 724; x_wconf 72' lang='grc' dir='ltr'><strong><em>δέ</em></strong></span> <span class='ocrx_word' id='word_1_14' title='bbox 1037 658 1099 726; x_wconf 84' lang='grc' dir='ltr'><strong><em>τὸν</em></strong></span> 
     </span>
     <span class='ocr_line' id='line_1_3' title="bbox 86 751 1098 848; baseline 0.009 -26"><span class='ocrx_word' id='word_1_15' title='bbox 86 754 264 843; x_wconf 83' lang='grc' dir='ltr'><strong><em>διορισμόν</em></strong></span> <span class='ocrx_word' id='word_1_16' title='bbox 288 751 309 841; x_wconf 81' lang='grc' dir='ltr'><em>ἡ</em></span> <span class='ocrx_word' id='word_1_17' title='bbox 332 755 536 843; x_wconf 87' lang='grc' dir='ltr'><strong><em>κατασκευή,</em></strong></span> <span class='ocrx_word' id='word_1_18' title='bbox 562 758 618 824; x_wconf 84' lang='grc' dir='ltr'><strong><em>καὶ</em></strong></span> <span class='ocrx_word' id='word_1_19' title='bbox 642 754 737 848; x_wconf 79' lang='grc' dir='ltr'><strong><em>ὁρᾷς,</em></strong></span> <span class='ocrx_word' id='word_1_20' title='bbox 767 757 819 828; x_wconf 84' lang='grc' dir='ltr'><strong><em>ὅτι</em></strong></span> <span class='ocrx_word' id='word_1_21' title='bbox 847 762 899 828; x_wconf 81' lang='grc' dir='ltr'><strong><em>ἐπὶ</em></strong></span> <span class='ocrx_word' id='word_1_22' title='bbox 922 766 981 848; x_wconf 80' lang='grc' dir='ltr'><strong><em>τῆς</em></strong></span> <span class='ocrx_word' id='word_1_23' title='bbox 1003 788 1098 831; x_wconf 86' lang='grc' dir='ltr'><strong><em>κατα-</em></strong></span> 
     </span>
     <span class='ocr_line' id='line_1_4' title="bbox 82 861 1099 965; baseline 0.011 -38"><span class='ocrx_word' id='word_1_24' title='bbox 82 865 205 965; x_wconf 64' lang='grc' dir='ltr'><strong><em>μκευῆς</em></strong></span> <span class='ocrx_word' id='word_1_25' title='bbox 227 866 357 950; x_wconf 79' lang='grc' dir='ltr'><strong><em>χρῶμαι</em></strong></span> <span class='ocrx_word' id='word_1_26' title='bbox 375 877 446 943; x_wconf 77' lang='grc' dir='ltr'><strong><em>τοῖς</em></strong></span> <span class='ocrx_word' id='word_1_27' title='bbox 464 861 644 950; x_wconf 77' lang='grc' dir='ltr'><strong><em>αἰτήμασιν</em></strong></span> <span class='ocrx_word' id='word_1_28' title='bbox 664 869 710 955; x_wconf 76' lang='grc' dir='ltr'><strong><em>τῷ</em></strong></span> <span class='ocrx_word' id='word_1_29' title='bbox 730 861 794 934; x_wconf 84' lang='grc' dir='ltr'><strong><em>ἀπὸ</em></strong></span> <span class='ocrx_word' id='word_1_30' title='bbox 815 867 940 948; x_wconf 85' lang='grc' dir='ltr'><strong><em>παντὸς</em></strong></span> <span class='ocrx_word' id='word_1_31' title='bbox 958 875 1099 955; x_wconf 80' lang='grc' dir='ltr'><strong><em>σημείου</em></strong></span> 
     </span>
    </p>
   </div>
   <div class='ocr_carea' id='block_1_3' title="bbox 77 967 1151 3608">
    <p class='ocr_par' dir='ltr' id='par_1_3' title="bbox 79 967 1151 1802">
     <span class='ocr_line' id='line_1_5' title="bbox 87 967 1097 1067; baseline 0.008 -31"><span class='ocrx_word' id='word_1_32' title='bbox 87 969 140 1036; x_wconf 84' lang='grc' dir='ltr'><strong><em>έπλ</em></strong></span> <span class='ocrx_word' id='word_1_33' title='bbox 166 973 234 1037; x_wconf 84' lang='grc' dir='ltr'><strong><em>πᾶν</em></strong></span> <span class='ocrx_word' id='word_1_34' title='bbox 263 983 403 1056; x_wconf 78' lang='grc' dir='ltr'><strong><em>σημεῖον</em></strong></span> <span class='ocrx_word' id='word_1_35' title='bbox 436 967 575 1038; x_wconf 79' lang='grc' dir='ltr'><strong><em>εὐθεῖαν</em></strong></span> <span class='ocrx_word' id='word_1_36' title='bbox 607 969 764 1058; x_wconf 83' lang='grc' dir='ltr'><strong><em>γραμμήν</em></strong></span> <span class='ocrx_word' id='word_1_37' title='bbox 796 971 933 1060; x_wconf 77' lang='grc' dir='ltr'><em>ἀγαγεῖν</em></span> <span class='ocrx_word' id='word_1_38' title='bbox 965 977 1021 1043; x_wconf 81' lang='grc' dir='ltr'><strong><em>καὶ</em></strong></span> <span class='ocrx_word' id='word_1_39' title='bbox 1053 981 1097 1067; x_wconf 78' lang='grc' dir='ltr'><strong><em>τῷ</em></strong></span> 
     </span>
     <span class='ocr_line' id='line_1_6' title="bbox 83 1075 1150 1169; baseline 0.008 -26"><span class='ocrx_word' id='word_1_40' title='bbox 83 1076 209 1168; x_wconf 81' lang='grc' dir='ltr'><strong><em>κέντρφ</em></strong></span> <span class='ocrx_word' id='word_1_41' title='bbox 232 1076 289 1143; x_wconf 82' lang='grc' dir='ltr'><strong><em>καλ</em></strong></span> <span class='ocrx_word' id='word_1_42' title='bbox 318 1075 516 1162; x_wconf 79' lang='grc' dir='ltr'><strong><em>διαστήματι</em></strong></span> <span class='ocrx_word' id='word_1_43' title='bbox 543 1076 669 1145; x_wconf 83' lang='grc' dir='ltr'><strong><em>κύκλον</em></strong></span> <span class='ocrx_word' id='word_1_44' title='bbox 696 1079 837 1163; x_wconf 76' lang='grc' dir='ltr'><strong><em>γράψαι·</em></strong></span> <span class='ocrx_word' id='word_1_45' title='bbox 874 1078 913 1147; x_wconf 89' lang='grc' dir='ltr'><strong><em>τά</em></strong></span> <span class='ocrx_word' id='word_1_46' title='bbox 942 1080 1004 1166; x_wconf 72' lang='grc' dir='ltr'><strong><em>μὲν</em></strong></span> <span class='ocrx_word' id='word_1_47' title='bbox 1034 1081 1097 1169; x_wconf 90' lang='grc' dir='ltr'><strong><em>γάρ</em></strong></span> <span class='ocrx_word' id='word_1_48' title='bbox 1134 1104 1150 1152; x_wconf 81' lang='grc' dir='ltr'><strong><em>ο</em></strong></span> 
     </span>
     <span class='ocr_line' id='line_1_7' title="bbox 82 1177 1098 1273; baseline 0.006 -24"><span class='ocrx_word' id='word_1_49' title='bbox 82 1180 248 1270; x_wconf 77' lang='grc' dir='ltr'><strong><em>αἰτήματα</em></strong></span> <span class='ocrx_word' id='word_1_50' title='bbox 270 1177 405 1269; x_wconf 78' lang='grc' dir='ltr'><strong><em>ἀρμόζει</em></strong></span> <span class='ocrx_word' id='word_1_51' title='bbox 428 1196 500 1261; x_wconf 78' lang='grc' dir='ltr'><strong><em>ταῖς</em></strong></span> <span class='ocrx_word' id='word_1_52' title='bbox 527 1197 761 1268; x_wconf 76' lang='grc' dir='ltr'><strong><em>κατασκευαῖς,</em></strong></span> <span class='ocrx_word' id='word_1_53' title='bbox 793 1182 834 1251; x_wconf 88' lang='grc' dir='ltr'><strong><em>τά</em></strong></span> <span class='ocrx_word' id='word_1_54' title='bbox 863 1183 901 1252; x_wconf 72' lang='grc' dir='ltr'><strong><em>δέ</em></strong></span> <span class='ocrx_word' id='word_1_55' title='bbox 929 1183 1098 1273; x_wconf 78' lang='grc' dir='ltr'><strong><em>ἀξιώματα</em></strong></span> 
     </span>
     <span class='ocr_line' id='line_1_8' title="bbox 79 1280 1099 1378; baseline 0.003 -21"><span class='ocrx_word' id='word_1_56' title='bbox 79 1302 154 1367; x_wconf 82' lang='grc' dir='ltr'><strong><em>ταῖς</em></strong></span> <span class='ocrx_word' id='word_1_57' title='bbox 176 1285 395 1369; x_wconf 80' lang='grc' dir='ltr'><strong><em>ἀποδείξεσιν.</em></strong></span> <span class='ocrx_word' id='word_1_58' title='bbox 442 1289 561 1375; x_wconf 79' lang='grc' dir='ltr'><strong><em>έφεξῆς</em></strong></span> <span class='ocrx_word' id='word_1_59' title='bbox 582 1280 645 1357; x_wconf 83' lang='grc' dir='ltr'><strong><em>οὖν</em></strong></span> <span class='ocrx_word' id='word_1_60' title='bbox 668 1287 689 1375; x_wconf 86' lang='grc' dir='ltr'><strong><em>ή</em></strong></span> <span class='ocrx_word' id='word_1_61' title='bbox 714 1287 898 1374; x_wconf 87' lang='grc' dir='ltr'><strong><em>ἀπόδειξις,</em></strong></span> <span class='ocrx_word' id='word_1_62' title='bbox 921 1297 980 1358; x_wconf 88' lang='grc' dir='ltr'><strong><em>καί</em></strong></span> <span class='ocrx_word' id='word_1_63' title='bbox 1001 1312 1099 1378; x_wconf 88' lang='grc' dir='ltr'><strong><em>φησι·</em></strong></span> 
     </span>
     <span class='ocr_line' id='line_1_9' title="bbox 81 1392 1098 1488; baseline 0.003 -25"><span class='ocrx_word' id='word_1_64' title='bbox 81 1394 123 1463; x_wconf 87' lang='grc' dir='ltr'><strong><em>τά</em></strong></span> <span class='ocrx_word' id='word_1_65' title='bbox 147 1400 195 1488; x_wconf 76' lang='grc' dir='ltr'><strong><em>τῷ</em></strong></span> <span class='ocrx_word' id='word_1_66' title='bbox 219 1392 310 1486; x_wconf 76' lang='grc' dir='ltr'><strong><em>αὐτῷ</em></strong></span> <span class='ocrx_word' id='word_1_67' title='bbox 335 1402 392 1463; x_wconf 84' lang='grc' dir='ltr'><strong><em>ἰσα</em></strong></span> <span class='ocrx_word' id='word_1_68' title='bbox 419 1396 474 1463; x_wconf 79' lang='grc' dir='ltr'><strong><em>καὶ</em></strong></span> <span class='ocrx_word' id='word_1_69' title='bbox 502 1393 659 1482; x_wconf 89' lang='grc' dir='ltr'><strong><em>ἀλλήλοις</em></strong></span> <span class='ocrx_word' id='word_1_70' title='bbox 687 1397 778 1464; x_wconf 83' lang='grc' dir='ltr'><strong><em>έστλν</em></strong></span> <span class='ocrx_word' id='word_1_71' title='bbox 807 1405 878 1482; x_wconf 85' lang='grc' dir='ltr'><strong><em>ἰσα,</em></strong></span> <span class='ocrx_word' id='word_1_72' title='bbox 912 1394 956 1476; x_wconf 85' lang='grc' dir='ltr'><strong><em>ῶς</em></strong></span> <span class='ocrx_word' id='word_1_73' title='bbox 983 1398 1035 1465; x_wconf 81' lang='grc' dir='ltr'><strong><em>ὅτι</em></strong></span> <span class='ocrx_word' id='word_1_74' title='bbox 1063 1401 1098 1467; x_wconf 81' lang='grc' dir='ltr'><strong><em>ἐκ</em></strong></span> 
     </span>
     <span class='ocr_line' id='line_1_10' title="bbox 81 1497 1098 1590; baseline 0.001 -20"><span class='ocrx_word' id='word_1_75' title='bbox 81 1504 145 1570; x_wconf 83' lang='grc' dir='ltr'><strong><em>τοῦ</em></strong></span> <span class='ocrx_word' id='word_1_76' title='bbox 163 1502 303 1588; x_wconf 84' lang='grc' dir='ltr'><strong><em>κέντρου</em></strong></span> <span class='ocrx_word' id='word_1_77' title='bbox 320 1504 424 1568; x_wconf 89' lang='grc' dir='ltr'><strong><em>πάσαι</em></strong></span> <span class='ocrx_word' id='word_1_78' title='bbox 444 1504 482 1568; x_wconf 90' lang='grc' dir='ltr'><strong><em>αί</em></strong></span> <span class='ocrx_word' id='word_1_79' title='bbox 502 1497 633 1569; x_wconf 81' lang='grc' dir='ltr'><strong><em>εὐθεῖαι</em></strong></span> <span class='ocrx_word' id='word_1_80' title='bbox 649 1510 727 1571; x_wconf 85' lang='grc' dir='ltr'><strong><em>ἰσαι.</em></strong></span> <span class='ocrx_word' id='word_1_81' title='bbox 763 1501 801 1570; x_wconf 91' lang='grc' dir='ltr'><strong><em>τὸ</em></strong></span> <span class='ocrx_word' id='word_1_82' title='bbox 822 1502 860 1570; x_wconf 68' lang='grc' dir='ltr'><strong><em>δὲ</em></strong></span> <span class='ocrx_word' id='word_1_83' title='bbox 879 1504 1098 1590; x_wconf 83' lang='grc' dir='ltr'><strong><em>συμπέρασμα</em></strong></span> 
     </span>
     <span class='ocr_line' id='line_1_11' title="bbox 83 1606 1151 1697; baseline 0.004 -21"><span class='ocrx_word' id='word_1_84' title='bbox 83 1610 267 1676; x_wconf 77' lang='grc' dir='ltr'><strong><em>ἀκολουθεῖ</em></strong></span> <span class='ocrx_word' id='word_1_85' title='bbox 285 1613 326 1697; x_wconf 80' lang='grc' dir='ltr'><strong><em>τῇ</em></strong></span> <span class='ocrx_word' id='word_1_86' title='bbox 350 1606 509 1695; x_wconf 80' lang='grc' dir='ltr'><strong><em>προτάσει</em></strong></span> <span class='ocrx_word' id='word_1_87' title='bbox 531 1609 587 1674; x_wconf 83' lang='grc' dir='ltr'><strong><em>καὶ</em></strong></span> <span class='ocrx_word' id='word_1_88' title='bbox 611 1610 723 1694; x_wconf 80' lang='grc' dir='ltr'><strong><em>ἐπάγει</em></strong></span> <span class='ocrx_word' id='word_1_89' title='bbox 746 1607 784 1676; x_wconf 89' lang='grc' dir='ltr'><strong><em>τὸ</em></strong></span> <span class='ocrx_word' id='word_1_90' title='bbox 804 1609 885 1696; x_wconf 85' lang='grc' dir='ltr'><strong><em>ὅπερ</em></strong></span> <span class='ocrx_word' id='word_1_91' title='bbox 905 1615 973 1677; x_wconf 81' lang='grc' dir='ltr'><strong><em>ἔδει</em></strong></span> <span class='ocrx_word' id='word_1_92' title='bbox 992 1611 1097 1691; x_wconf 79' lang='grc' dir='ltr'><strong><em>δείξαι</em></strong></span> <span class='ocrx_word' id='word_1_93' title='bbox 1118 1631 1151 1681; x_wconf 86' lang='grc'><strong><em>10</em></strong></span> 
     </span>
     <span class='ocr_line' id='line_1_12' title="bbox 83 1710 470 1802; baseline 0.003 -19"><span class='ocrx_word' id='word_1_94' title='bbox 83 1710 105 1802; x_wconf 83' lang='grc' dir='ltr'><em>ἢ</em></span> <span class='ocrx_word' id='word_1_95' title='bbox 130 1714 211 1799; x_wconf 81' lang='grc' dir='ltr'><strong><em>ὅπερ</em></strong></span> <span class='ocrx_word' id='word_1_96' title='bbox 234 1718 301 1783; x_wconf 83' lang='grc' dir='ltr'><strong><em>ἔδει</em></strong></span> <span class='ocrx_word' id='word_1_97' title='bbox 323 1718 470 1801; x_wconf 84' lang='grc' dir='ltr'><strong><em>ποιήσαι.</em></strong></span> 
     </span>
    </p>

    <p class='ocr_par' dir='ltr' id='par_1_4' title="bbox 77 1819 1151 3608">
     <span class='ocr_line' id='line_1_13' title="bbox 148 1819 1101 1911; baseline 0 -21"><span class='ocrx_word' id='word_1_98' title='bbox 148 1826 185 1890; x_wconf 90' lang='grc' dir='ltr'><strong><em>τί</em></strong></span> <span class='ocrx_word' id='word_1_99' title='bbox 205 1819 243 1888; x_wconf 73' lang='grc' dir='ltr'><strong><em>δέ</em></strong></span> <span class='ocrx_word' id='word_1_100' title='bbox 266 1824 377 1908; x_wconf 81' lang='grc' dir='ltr'><strong><em>λῆμμα</em></strong></span> <span class='ocrx_word' id='word_1_101' title='bbox 400 1822 455 1888; x_wconf 80' lang='grc' dir='ltr'><strong><em>καὶ</em></strong></span> <span class='ocrx_word' id='word_1_102' title='bbox 479 1826 514 1888; x_wconf 90' lang='grc' dir='ltr'><strong><em>τί</em></strong></span> <span class='ocrx_word' id='word_1_103' title='bbox 533 1825 671 1904; x_wconf 87' lang='grc' dir='ltr'><strong><em>πτῶσις,</em></strong></span> <span class='ocrx_word' id='word_1_104' title='bbox 699 1826 735 1889; x_wconf 92' lang='grc' dir='ltr'><strong><em>τί</em></strong></span> <span class='ocrx_word' id='word_1_105' title='bbox 757 1821 795 1889; x_wconf 71' lang='grc' dir='ltr'><strong><em>δὲ</em></strong></span> <span class='ocrx_word' id='word_1_106' title='bbox 817 1822 965 1911; x_wconf 87' lang='grc' dir='ltr'><strong><em>πόρισμα</em></strong></span> <span class='ocrx_word' id='word_1_107' title='bbox 988 1824 1044 1890; x_wconf 82' lang='grc' dir='ltr'><strong><em>καὶ</em></strong></span> <span class='ocrx_word' id='word_1_108' title='bbox 1067 1829 1101 1890; x_wconf 90' lang='grc' dir='ltr'><strong><em>τί</em></strong></span> 
     </span>
     <span class='ocr_line' id='line_1_14' title="bbox 81 1921 1096 2017; baseline -0.001 -20"><span class='ocrx_word' id='word_1_109' title='bbox 81 1934 236 2007; x_wconf 81' lang='grc' dir='ltr'><strong><em>ἔνστασις</em></strong></span> <span class='ocrx_word' id='word_1_110' title='bbox 265 1928 321 1995; x_wconf 83' lang='grc' dir='ltr'><strong><em>καὶ</em></strong></span> <span class='ocrx_word' id='word_1_111' title='bbox 347 1933 383 1995; x_wconf 90' lang='grc' dir='ltr'><strong><em>τί</em></strong></span> <span class='ocrx_word' id='word_1_112' title='bbox 407 1925 584 2014; x_wconf 87' lang='grc' dir='ltr'><strong><em>ἀπαγωγή;</em></strong></span> <span class='ocrx_word' id='word_1_113' title='bbox 627 1926 664 1996; x_wconf 87' lang='grc' dir='ltr'><strong><em>τὸ</em></strong></span> <span class='ocrx_word' id='word_1_114' title='bbox 693 1926 754 2015; x_wconf 65' lang='grc' dir='ltr'><strong><em>μὲν</em></strong></span> <span class='ocrx_word' id='word_1_115' title='bbox 783 1921 846 1997; x_wconf 85' lang='grc' dir='ltr'><strong><em>οὖν</em></strong></span> <span class='ocrx_word' id='word_1_116' title='bbox 874 1933 986 2017; x_wconf 82' lang='grc' dir='ltr'><strong><em>λῆμμα</em></strong></span> <span class='ocrx_word' id='word_1_117' title='bbox 1014 1927 1096 1997; x_wconf 88' lang='grc' dir='ltr'><strong><em>κατά</em></strong></span> 
     </span>
     <span class='ocr_line' id='line_1_15' title="bbox 83 2032 1096 2122; baseline 0.001 -20"><span class='ocrx_word' id='word_1_118' title='bbox 83 2034 192 2120; x_wconf 91' lang='grc' dir='ltr'><strong><em>πάσης</em></strong></span> <span class='ocrx_word' id='word_1_119' title='bbox 212 2033 403 2118; x_wconf 84' lang='grc' dir='ltr'><strong><em>προτάσεως</em></strong></span> <span class='ocrx_word' id='word_1_120' title='bbox 425 2032 470 2121; x_wconf 83' lang='grc' dir='ltr'><strong><em>μή</em></strong></span> <span class='ocrx_word' id='word_1_121' title='bbox 490 2033 733 2120; x_wconf 75' lang='grc' dir='ltr'><strong><em>λαμβάνεσθαι,</em></strong></span> <span class='ocrx_word' id='word_1_122' title='bbox 756 2032 837 2102; x_wconf 90' lang='grc' dir='ltr'><strong><em>κατά</em></strong></span> <span class='ocrx_word' id='word_1_123' title='bbox 859 2036 898 2102; x_wconf 92' lang='grc' dir='ltr'><strong><em>δέ</em></strong></span> <span class='ocrx_word' id='word_1_124' title='bbox 913 2063 1016 2103; x_wconf 89' lang='grc' dir='ltr'><strong><em>τινων</em></strong></span> <span class='ocrx_word' id='word_1_125' title='bbox 1036 2036 1096 2122; x_wconf 90' lang='grc' dir='ltr'><strong><em>τήν</em></strong></span> 
     </span>
     <span class='ocr_line' id='line_1_16' title="bbox 82 2137 1149 2228; baseline 0.001 -20"><span class='ocrx_word' id='word_1_126' title='bbox 82 2138 255 2221; x_wconf 82' lang='grc' dir='ltr'><strong><em>ἀπόδειξιν</em></strong></span> <span class='ocrx_word' id='word_1_127' title='bbox 279 2143 489 2227; x_wconf 80' lang='grc' dir='ltr'><strong><em>σαφεστέραν</em></strong></span> <span class='ocrx_word' id='word_1_128' title='bbox 512 2154 632 2223; x_wconf 78' lang='grc' dir='ltr'><strong><em>ποιεῖν,</em></strong></span> <span class='ocrx_word' id='word_1_129' title='bbox 656 2137 676 2226; x_wconf 87' lang='grc' dir='ltr'><strong><em>ή</em></strong></span> <span class='ocrx_word' id='word_1_130' title='bbox 703 2142 739 2208; x_wconf 77' lang='grc' dir='ltr'><strong><em>δὲ</em></strong></span> <span class='ocrx_word' id='word_1_131' title='bbox 762 2145 885 2220; x_wconf 81' lang='grc' dir='ltr'><strong><em>πτῶσις</em></strong></span> <span class='ocrx_word' id='word_1_132' title='bbox 909 2141 1096 2228; x_wconf 78' lang='grc' dir='ltr'><strong><em>διαφόρους</em></strong></span> <span class='ocrx_word' id='word_1_133' title='bbox 1117 2160 1149 2209; x_wconf 76' lang='lat'><strong><em>15</em></strong></span> 
     </span>
     <span class='ocr_line' id='line_1_17' title="bbox 81 2244 1097 2335; baseline 0 -20"><span class='ocrx_word' id='word_1_134' title='bbox 81 2251 140 2335; x_wconf 78' lang='grc' dir='ltr'><strong><em>τῆς</em></strong></span> <span class='ocrx_word' id='word_1_135' title='bbox 161 2249 367 2330; x_wconf 82' lang='grc' dir='ltr'><strong><em>κατασκευῆς</em></strong></span> <span class='ocrx_word' id='word_1_136' title='bbox 388 2244 533 2331; x_wconf 89' lang='grc' dir='ltr'><strong><em>τρόπους</em></strong></span> <span class='ocrx_word' id='word_1_137' title='bbox 557 2247 790 2333; x_wconf 82' lang='grc' dir='ltr'><strong><em>ἐπαγγέλλεται</em></strong></span> <span class='ocrx_word' id='word_1_138' title='bbox 812 2247 869 2313; x_wconf 86' lang='grc' dir='ltr'><strong><em>καί</em></strong></span> <span class='ocrx_word' id='word_1_139' title='bbox 891 2248 1023 2314; x_wconf 80' lang='grc' dir='ltr'><strong><em>θέσεων</em></strong></span> <span class='ocrx_word' id='word_1_140' title='bbox 1049 2249 1097 2328; x_wconf 81' lang='grc' dir='ltr'><strong><em>ἐξ·</em></strong></span> 
     </span>
     <span class='ocr_line' id='line_1_18' title="bbox 81 2349 1097 2439; baseline -0.002 -18"><span class='ocrx_word' id='word_1_141' title='bbox 81 2351 242 2439; x_wconf 91' lang='grc' dir='ltr'><strong><em>αλλαγάς·</em></strong></span> <span class='ocrx_word' id='word_1_142' title='bbox 279 2353 331 2421; x_wconf 78' lang='grc' dir='ltr'><strong><em>ἐπὶ</em></strong></span> <span class='ocrx_word' id='word_1_143' title='bbox 356 2350 422 2439; x_wconf 88' lang='grc' dir='ltr'><strong><em>γάρ</em></strong></span> <span class='ocrx_word' id='word_1_144' title='bbox 444 2355 504 2438; x_wconf 81' lang='grc' dir='ltr'><strong><em>τῆς</em></strong></span> <span class='ocrx_word' id='word_1_145' title='bbox 525 2355 741 2438; x_wconf 78' lang='grc' dir='ltr'><strong><em>καταγραφῆς</em></strong></span> <span class='ocrx_word' id='word_1_146' title='bbox 765 2349 785 2437; x_wconf 87' lang='grc' dir='ltr'><strong><em>ή</em></strong></span> <span class='ocrx_word' id='word_1_147' title='bbox 808 2357 941 2438; x_wconf 81' lang='grc' dir='ltr'><strong><em>ποικίλη</em></strong></span> <span class='ocrx_word' id='word_1_148' title='bbox 969 2356 1097 2436; x_wconf 80' lang='grc' dir='ltr'><strong><em>θεωρία</em></strong></span> 
     </span>
     <span class='ocr_line' id='line_1_19' title="bbox 81 2450 1098 2546; baseline -0.003 -18"><span class='ocrx_word' id='word_1_149' title='bbox 81 2457 187 2546; x_wconf 72' lang='grc' dir='ltr'><strong><em>αὐτῆς</em></strong></span> <span class='ocrx_word' id='word_1_150' title='bbox 209 2460 316 2544; x_wconf 80' lang='grc' dir='ltr'><strong><em>ἐστιν,</em></strong></span> <span class='ocrx_word' id='word_1_151' title='bbox 340 2455 393 2526; x_wconf 85' lang='grc' dir='ltr'><strong><em>διδ</em></strong></span> <span class='ocrx_word' id='word_1_152' title='bbox 418 2458 473 2525; x_wconf 85' lang='grc' dir='ltr'><strong><em>καλ</em></strong></span> <span class='ocrx_word' id='word_1_153' title='bbox 497 2461 621 2537; x_wconf 84' lang='grc' dir='ltr'><strong><em>πτῶσις</em></strong></span> <span class='ocrx_word' id='word_1_154' title='bbox 642 2464 789 2526; x_wconf 77' lang='grc' dir='ltr'><strong><em>καλεῖται</em></strong></span> <span class='ocrx_word' id='word_1_155' title='bbox 813 2457 990 2544; x_wconf 81' lang='grc' dir='ltr'><strong><em>μετάθεσις</em></strong></span> <span class='ocrx_word' id='word_1_156' title='bbox 1013 2450 1098 2525; x_wconf 86' lang='grc' dir='ltr'><strong><em>οὖσα</em></strong></span> 
     </span>
     <span class='ocr_line' id='line_1_20' title="bbox 80 2562 1098 2652; baseline -0.002 -18"><span class='ocrx_word' id='word_1_157' title='bbox 80 2570 141 2652; x_wconf 78' lang='grc' dir='ltr'><strong><em>τῆς</em></strong></span> <span class='ocrx_word' id='word_1_158' title='bbox 162 2568 377 2650; x_wconf 79' lang='grc' dir='ltr'><strong><em>κατασκευῆς.</em></strong></span> <span class='ocrx_word' id='word_1_159' title='bbox 423 2562 460 2632; x_wconf 91' lang='grc' dir='ltr'><strong><em>τὸ</em></strong></span> <span class='ocrx_word' id='word_1_160' title='bbox 490 2563 527 2632; x_wconf 75' lang='grc' dir='ltr'><strong><em>δὲ</em></strong></span> <span class='ocrx_word' id='word_1_161' title='bbox 555 2564 703 2652; x_wconf 89' lang='grc' dir='ltr'><strong><em>πόρισμα</em></strong></span> <span class='ocrx_word' id='word_1_162' title='bbox 731 2566 860 2651; x_wconf 85' lang='grc' dir='ltr'><strong><em>λέγεται</em></strong></span> <span class='ocrx_word' id='word_1_163' title='bbox 882 2565 944 2651; x_wconf 75' lang='grc' dir='ltr'><strong><em>μέν</em></strong></span> <span class='ocrx_word' id='word_1_164' title='bbox 966 2565 1021 2632; x_wconf 87' lang='grc' dir='ltr'><strong><em>καὶ</em></strong></span> <span class='ocrx_word' id='word_1_165' title='bbox 1045 2566 1098 2632; x_wconf 83' lang='grc' dir='ltr'><strong><em>έπί</em></strong></span> 
     </span>
     <span class='ocr_line' id='line_1_21' title="bbox 79 2665 1151 2760; baseline 0 -20"><span class='ocrx_word' id='word_1_166' title='bbox 79 2671 342 2760; x_wconf 83' lang='grc' dir='ltr'><strong><em>προβλημάτων,</em></strong></span> <span class='ocrx_word' id='word_1_167' title='bbox 374 2665 449 2740; x_wconf 86' lang='grc' dir='ltr'><strong><em>οἷον</em></strong></span> <span class='ocrx_word' id='word_1_168' title='bbox 477 2668 517 2738; x_wconf 90' lang='grc' dir='ltr'><strong><em>τά</em></strong></span> <span class='ocrx_word' id='word_1_169' title='bbox 546 2673 582 2739; x_wconf 85' lang='grc' dir='ltr'><strong><em>έυ</em></strong></span> <span class='ocrx_word' id='word_1_170' title='bbox 607 2669 773 2760; x_wconf 79' lang='grc' dir='ltr'><strong><em>Εὐκλείδῃ</em></strong></span> <span class='ocrx_word' id='word_1_171' title='bbox 800 2673 1011 2759; x_wconf 82' lang='grc' dir='ltr'><strong><em>γεγραμμένα</em></strong></span> <span class='ocrx_word' id='word_1_172' title='bbox 1036 2696 1096 2740; x_wconf 86' lang='grc' dir='ltr'><strong><em>πο·</em></strong></span> <span class='ocrx_word' id='word_1_173' title='bbox 1116 2691 1151 2740; x_wconf 78' lang='lat'><strong><em>20</em></strong></span> 
     </span>
     <span class='ocr_line' id='line_1_22' title="bbox 79 2774 1098 2867; baseline -0.001 -20"><span class='ocrx_word' id='word_1_174' title='bbox 79 2785 240 2867; x_wconf 87' lang='grc' dir='ltr'><strong><em>ρίσματα,</em></strong></span> <span class='ocrx_word' id='word_1_175' title='bbox 268 2779 397 2864; x_wconf 86' lang='grc' dir='ltr'><strong><em>λέγεται</em></strong></span> <span class='ocrx_word' id='word_1_176' title='bbox 426 2776 463 2844; x_wconf 67' lang='grc' dir='ltr'><strong><em>δὲ</em></strong></span> <span class='ocrx_word' id='word_1_177' title='bbox 493 2777 549 2843; x_wconf 81' lang='grc' dir='ltr'><strong><em>καὶ</em></strong></span> <span class='ocrx_word' id='word_1_178' title='bbox 578 2779 688 2862; x_wconf 82' lang='grc' dir='ltr'><strong><em>ἰδίως,</em></strong></span> <span class='ocrx_word' id='word_1_179' title='bbox 720 2774 801 2846; x_wconf 85' lang='grc' dir='ltr'><strong><em>ὅταν</em></strong></span> <span class='ocrx_word' id='word_1_180' title='bbox 829 2780 864 2846; x_wconf 85' lang='grc' dir='ltr'><strong><em>έκ</em></strong></span> <span class='ocrx_word' id='word_1_181' title='bbox 887 2782 956 2846; x_wconf 82' lang='grc' dir='ltr'><strong><em>τῶν</em></strong></span> <span class='ocrx_word' id='word_1_182' title='bbox 978 2777 1098 2847; x_wconf 89' lang='grc' dir='ltr'><strong><em>ἀποδε-</em></strong></span> 
     </span>
     <span class='ocr_line' id='line_1_23' title="bbox 81 2882 1097 2972; baseline -0.001 -19"><span class='ocrx_word' id='word_1_183' title='bbox 81 2885 270 2972; x_wconf 83' lang='grc' dir='ltr'><strong><em>δειγμένων</em></strong></span> <span class='ocrx_word' id='word_1_184' title='bbox 301 2883 384 2951; x_wconf 84' lang='grc' dir='ltr'><strong><em>ἀλλο</em></strong></span> <span class='ocrx_word' id='word_1_185' title='bbox 419 2909 451 2949; x_wconf 92' lang='grc' dir='ltr'><strong><em>τι</em></strong></span> <span class='ocrx_word' id='word_1_186' title='bbox 484 2886 707 2970; x_wconf 79' lang='grc' dir='ltr'><strong><em>συναναφανή</em></strong></span> <span class='ocrx_word' id='word_1_187' title='bbox 739 2883 901 2970; x_wconf 86' lang='grc' dir='ltr'><strong><em>θεῶρημα</em></strong></span> <span class='ocrx_word' id='word_1_188' title='bbox 937 2882 982 2970; x_wconf 87' lang='grc' dir='ltr'><strong><em>μή</em></strong></span> <span class='ocrx_word' id='word_1_189' title='bbox 1018 2910 1097 2971; x_wconf 91' lang='grc' dir='ltr'><strong><em>προ-</em></strong></span> 
     </span>
     <span class='ocr_line' id='line_1_24' title="bbox 79 2986 1098 3079; baseline -0.004 -19"><span class='ocrx_word' id='word_1_190' title='bbox 79 2992 239 3079; x_wconf 78' lang='grc' dir='ltr'><strong><em>θεμένων</em></strong></span> <span class='ocrx_word' id='word_1_191' title='bbox 254 2987 358 3077; x_wconf 86' lang='grc' dir='ltr'><strong><em>ήμῶν.</em></strong></span> <span class='ocrx_word' id='word_1_192' title='bbox 381 2987 402 3074; x_wconf 85' lang='grc' dir='ltr'><strong><em>ή</em></strong></span> <span class='ocrx_word' id='word_1_193' title='bbox 418 2989 455 3057; x_wconf 75' lang='grc' dir='ltr'><strong><em>δέ</em></strong></span> <span class='ocrx_word' id='word_1_194' title='bbox 470 2995 623 3068; x_wconf 76' lang='grc' dir='ltr'><strong><em>ἔνστασις</em></strong></span> <span class='ocrx_word' id='word_1_195' title='bbox 640 2989 762 3057; x_wconf 87' lang='grc' dir='ltr'><strong><em>κωλύει</em></strong></span> <span class='ocrx_word' id='word_1_196' title='bbox 775 2990 836 3075; x_wconf 84' lang='grc' dir='ltr'><strong><em>τὴν</em></strong></span> <span class='ocrx_word' id='word_1_197' title='bbox 851 2986 935 3073; x_wconf 81' lang='grc' dir='ltr'><strong><em>ὅλην</em></strong></span> <span class='ocrx_word' id='word_1_198' title='bbox 949 2988 1098 3075; x_wconf 88' lang='grc' dir='ltr'><strong><em>ἀταρπου</em></strong></span> 
     </span>
     <span class='ocr_line' id='line_1_25' title="bbox 78 3091 1097 3183; baseline -0.003 -18"><span class='ocrx_word' id='word_1_199' title='bbox 78 3096 271 3182; x_wconf 85' lang='grc' dir='ltr'><strong><em>τοῦλόγου</em></strong></span> <span class='ocrx_word' id='word_1_200' title='bbox 296 3092 319 3182; x_wconf 80' lang='grc' dir='ltr'><em>ἢ</em></span> <span class='ocrx_word' id='word_1_201' title='bbox 346 3093 430 3183; x_wconf 88' lang='grc' dir='ltr'><strong><em>πρὸς</em></strong></span> <span class='ocrx_word' id='word_1_202' title='bbox 456 3094 518 3182; x_wconf 87' lang='grc' dir='ltr'><strong><em>τήν</em></strong></span> <span class='ocrx_word' id='word_1_203' title='bbox 541 3092 748 3182; x_wconf 86' lang='grc' dir='ltr'><strong><em>κατασκευήν</em></strong></span> <span class='ocrx_word' id='word_1_204' title='bbox 777 3091 798 3180; x_wconf 79' lang='grc' dir='ltr'><em>ἢ</em></span> <span class='ocrx_word' id='word_1_205' title='bbox 826 3093 911 3180; x_wconf 83' lang='grc' dir='ltr'><strong><em>πρὸς</em></strong></span> <span class='ocrx_word' id='word_1_206' title='bbox 933 3092 994 3180; x_wconf 85' lang='grc' dir='ltr'><strong><em>τήν</em></strong></span> <span class='ocrx_word' id='word_1_207' title='bbox 1017 3092 1097 3162; x_wconf 91' lang='grc' dir='ltr'><strong><em>ἀπό-</em></strong></span> 
     </span>
     <span class='ocr_line' id='line_1_26' title="bbox 80 3198 1151 3289; baseline -0.004 -17"><span class='ocrx_word' id='word_1_208' title='bbox 80 3204 188 3285; x_wconf 80' lang='grc' dir='ltr'><strong><em>δειξιν</em></strong></span> <span class='ocrx_word' id='word_1_209' title='bbox 211 3201 402 3272; x_wconf 89' lang='grc' dir='ltr'><strong><em>ἀπαντῶσα.</em></strong></span> <span class='ocrx_word' id='word_1_210' title='bbox 442 3198 463 3288; x_wconf 80' lang='grc' dir='ltr'><em>ἡ</em></span> <span class='ocrx_word' id='word_1_211' title='bbox 488 3200 524 3269; x_wconf 76' lang='grc' dir='ltr'><strong><em>δὲ</em></strong></span> <span class='ocrx_word' id='word_1_212' title='bbox 548 3199 708 3289; x_wconf 82' lang='grc' dir='ltr'><strong><em>ἀπαγωγὴ</em></strong></span> <span class='ocrx_word' id='word_1_213' title='bbox 732 3199 911 3288; x_wconf 85' lang='grc' dir='ltr'><strong><em>μετάβασίς</em></strong></span> <span class='ocrx_word' id='word_1_214' title='bbox 930 3200 1020 3267; x_wconf 85' lang='grc' dir='ltr'><strong><em>έσιιν</em></strong></span> <span class='ocrx_word' id='word_1_215' title='bbox 1040 3198 1095 3267; x_wconf 91' lang='grc' dir='ltr'><strong><em>ἀπ’</em></strong></span> <span class='ocrx_word' id='word_1_216' title='bbox 1116 3218 1151 3268; x_wconf 74' lang='grc' dir='ltr'><strong><em>ιο</em></strong></span> 
     </span>
     <span class='ocr_line' id='line_1_27' title="bbox 77 3304 1098 3396; baseline -0.004 -18"><span class='ocrx_word' id='word_1_217' title='bbox 77 3311 189 3378; x_wconf 79' lang='grc' dir='ltr'><strong><em>ἀλλον</em></strong></span> <span class='ocrx_word' id='word_1_218' title='bbox 211 3306 447 3396; x_wconf 85' lang='grc' dir='ltr'><strong><em>προβλήματος</em></strong></span> <span class='ocrx_word' id='word_1_219' title='bbox 469 3304 490 3394; x_wconf 87' lang='grc' dir='ltr'><strong><em>ή</em></strong></span> <span class='ocrx_word' id='word_1_220' title='bbox 513 3307 732 3395; x_wconf 82' lang='grc' dir='ltr'><strong><em>θεωρήματος</em></strong></span> <span class='ocrx_word' id='word_1_221' title='bbox 761 3304 810 3375; x_wconf 81' lang='grc' dir='ltr'><strong><em>ἐπ’</em></strong></span> <span class='ocrx_word' id='word_1_222' title='bbox 837 3305 919 3374; x_wconf 88' lang='grc' dir='ltr'><strong><em>ἀλλο</em></strong></span> <span class='ocrx_word' id='word_1_223' title='bbox 949 3305 990 3374; x_wconf 84' lang='grc' dir='ltr'><strong><em>οὐ</em></strong></span> <span class='ocrx_word' id='word_1_224' title='bbox 1013 3334 1098 3393; x_wconf 91' lang='grc' dir='ltr'><strong><em>γνω-</em></strong></span> 
     </span>
     <span class='ocr_line' id='line_1_28' title="bbox 79 3408 1099 3502; baseline -0.004 -17"><span class='ocrx_word' id='word_1_225' title='bbox 79 3417 226 3496; x_wconf 86' lang='grc' dir='ltr'><strong><em>σθέντος</em></strong></span> <span class='ocrx_word' id='word_1_226' title='bbox 253 3411 274 3502; x_wconf 84' lang='grc' dir='ltr'><strong><em>ή</em></strong></span> <span class='ocrx_word' id='word_1_227' title='bbox 298 3416 536 3499; x_wconf 86' lang='grc' dir='ltr'><strong><em>πορισθέντος,</em></strong></span> <span class='ocrx_word' id='word_1_228' title='bbox 570 3408 644 3481; x_wconf 76' lang='grc' dir='ltr'><strong><em>οἷον</em></strong></span> <span class='ocrx_word' id='word_1_229' title='bbox 676 3415 731 3481; x_wconf 86' lang='grc' dir='ltr'><strong><em>καί</em></strong></span> <span class='ocrx_word' id='word_1_230' title='bbox 763 3411 823 3481; x_wconf 89' lang='grc' dir='ltr'><strong><em>τὸν</em></strong></span> <span class='ocrx_word' id='word_1_231' title='bbox 852 3412 1099 3499; x_wconf 90' lang='grc' dir='ltr'><strong><em>διπλασιασμὸν</em></strong></span> 
     </span>
     <span class='ocr_line' id='line_1_29' title="bbox 77 3516 1099 3608; baseline -0.007 -15"><span class='ocrx_word' id='word_1_232' title='bbox 77 3526 144 3593; x_wconf 85' lang='grc' dir='ltr'><strong><em>τοῦ</em></strong></span> <span class='ocrx_word' id='word_1_233' title='bbox 166 3521 277 3608; x_wconf 83' lang='grc' dir='ltr'><strong><em>κύβου</em></strong></span> <span class='ocrx_word' id='word_1_234' title='bbox 300 3526 347 3601; x_wconf 90' lang='grc' dir='ltr'><strong><em>εἰς</em></strong></span> <span class='ocrx_word' id='word_1_235' title='bbox 369 3519 428 3599; x_wconf 83' lang='grc' dir='ltr'><strong><em>τὰς</em></strong></span> <span class='ocrx_word' id='word_1_236' title='bbox 450 3523 518 3588; x_wconf 91' lang='grc' dir='ltr'><strong><em>τῶν</em></strong></span> <span class='ocrx_word' id='word_1_237' title='bbox 542 3517 688 3588; x_wconf 77' lang='grc' dir='ltr'><strong><em>εὐθειῶν</em></strong></span> <span class='ocrx_word' id='word_1_238' title='bbox 707 3516 887 3606; x_wconf 76' lang='grc' dir='ltr'><strong><em>ἀναλογίας</em></strong></span> <span class='ocrx_word' id='word_1_239' title='bbox 905 3522 1099 3605; x_wconf 87' lang='grc' dir='ltr'><strong><em>μετέθεσαν.</em></strong></span> 
     </span>
    </p>
   </div>
   <div class='ocr_carea' id='block_1_4' title="bbox 75 3780 1110 3928">
    <p class='ocr_par' dir='ltr' id='par_1_5' title="bbox 75 3780 1110 3928">
     <span class='ocr_line' id='line_1_30' title="bbox 149 3780 1110 3860; baseline -0.005 -15"><span class='ocrx_word' id='word_1_240' title='bbox 149 3794 176 3845; x_wconf 78' lang='lat'><strong><em>8.</em></strong></span> <span class='ocrx_word' id='word_1_241' title='bbox 195 3785 249 3860; x_wconf 76' lang='grc' dir='ltr'><strong><em>τῷ]</em></strong></span> <span class='ocrx_word' id='word_1_242' title='bbox 268 3782 300 3841; x_wconf 83' lang='grc' dir='ltr'><strong><em>τά</em></strong></span> <span class='ocrx_word' id='word_1_243' title='bbox 319 3786 349 3843; x_wconf 92' lang='grc' dir='ltr'><strong><em>Ρ.</em></strong></span> <span class='ocrx_word' id='word_1_244' title='bbox 405 3791 430 3842; x_wconf 82' lang='grc'><strong><em>8.</em></strong></span> <span class='ocrx_word' id='word_1_245' title='bbox 449 3787 488 3860; x_wconf 78' lang='grc' dir='ltr'><strong><em>τῷ</em></strong></span> <span class='ocrx_word' id='word_1_246' title='bbox 505 3780 597 3855; x_wconf 77' lang='grc' dir='ltr'><strong><em>αὐτῷ]</em></strong></span> <span class='ocrx_word' id='word_1_247' title='bbox 616 3783 647 3840; x_wconf 88' lang='grc' dir='ltr'><strong><em>τὸ</em></strong></span> <span class='ocrx_word' id='word_1_248' title='bbox 659 3781 728 3841; x_wconf 84' lang='grc' dir='ltr'><strong><em>αάτό</em></strong></span> <span class='ocrx_word' id='word_1_249' title='bbox 743 3783 774 3842; x_wconf 90' lang='lat' dir='ltr'><strong><em>P.</em></strong></span> <span class='ocrx_word' id='word_1_250' title='bbox 829 3790 872 3841; x_wconf 78' lang='lat'><strong><em>22.</em></strong></span> <span class='ocrx_word' id='word_1_251' title='bbox 892 3783 1110 3859; x_wconf 55' lang='grc' dir='ltr'><strong><em>συναναφανηΧ</em></strong></span> 
     </span>
     <span class='ocr_line' id='line_1_31' title="bbox 75 3856 332 3928; baseline -0.012 -10"><span class='ocrx_word' id='word_1_252' title='bbox 75 3864 289 3928; x_wconf 77' lang='grc' dir='ltr'><strong><em>σνναναφανεῖ</em></strong></span> <span class='ocrx_word' id='word_1_253' title='bbox 302 3856 332 3915; x_wconf 90' lang='grc' dir='ltr'><strong><em>Ρ.</em></strong></span> 
     </span>
    </p>
   </div>
   <div class='ocr_carea' id='block_1_5' title="bbox 0 0 1213 4236">
    <p class='ocr_par' dir='ltr' id='par_1_6' title="bbox 0 0 1213 4236">
     <span class='ocr_line' id='line_1_32' title="bbox 0 0 1213 4236; baseline 0 0"><span class='ocrx_word' id='word_1_254' title='bbox 0 0 1213 4236; x_wconf 95' lang='lat' dir='ltr'><strong><em> </em></strong></span> 
     </span>
    </p>
   </div>
  </div>
 </body>
</html>
