2414 4236
192 484 349 536 SCHOLIA
367 484 406 534 IN
424 485 700 538 ELEMENTORUM
717 487 856 538 LIBRUM
869 489 943 540 XIII.
1008 483 1070 548 671

56 633 111 710 ίση
132 628 171 711 τή
190 631 265 690 ΤΡ·
289 632 344 710 ἴση
364 622 429 712 ἀρα
453 626 509 693 καὶ
528 626 664 714 ἑκατέρα
683 628 751 694 τῶν
766 632 841 711 ΒΧ,
856 632 922 693 PX
937 626 1073 713 ἑκατέρῳ

54 734 123 797 τῶν
143 736 216 813 BY,
239 736 313 798 ΤΦ.
354 730 478 816 ὁμοίως
502 730 544 818 δή
567 733 624 799 καὶ
646 730 709 818 τήν
730 738 796 799 ΦΓ
817 733 970 818 δείξομεν
995 738 1073 815 ίσην

55 849 128 914 ταῖς
150 835 304 922 τέτρασιν
328 836 554 918 ἐπιζεύξαντες
580 836 642 924 τήν
665 844 736 905 ΣΓ
758 839 815 904 καὶ
843 835 1003 921 λαβόντες
1027 839 1074 913 είς

58 939 120 1025 τήν
143 938 319 1021 ἀπόδειξιν
341 941 403 1028 τήν
426 946 491 1019 ΞΓ
511 951 589 1029 ίσην
611 952 652 1029 τῇ
677 944 746 1018 ΟΞ.
793 952 863 1010 ῖσαι
886 940 951 1027 ἀρα
969 945 1073 1008 πᾶσαι

57 1050 95 1113 αί
116 1057 177 1114 τοῦ
196 1050 412 1133 πενταγώνου
430 1054 575 1134 πλευραί
591 1051 655 1115 είσι
671 1046 756 1136 πρὸς
769 1045 923 1133 ἀλλήλας.
956 1048 1072 1132 ἕξομεν
1110 1060 1126 1118 5

60 1153 96 1220 δέ
120 1154 175 1219 καί
199 1151 261 1238 τήν
283 1150 350 1220 ὑπὸ
377 1160 479 1221 ΥΦΓ
497 1158 626 1238 γωνίαν
650 1162 729 1240 ίσην
751 1157 791 1240 τῇ
815 1150 881 1220 ὑπὸ
906 1157 1017 1237 ΒΧΓ,
1044 1156 1075 1218 εί

55 1258 217 1344 λάβοιμεν
241 1257 318 1325 ἀντὶ
339 1270 400 1345 τῆς
422 1266 498 1325 ΝΣ
519 1259 581 1344 τήν
602 1261 666 1335 ΟΞ
685 1260 741 1326 καί
764 1258 989 1344 ἐπιζεύξαιμεν
1012 1255 1073 1342 τήν

56 1371 126 1449 ΡΓ,
149 1370 213 1431 ΥΓ
231 1366 381 1444 καὶτοῖς
405 1367 562 1450 ῥηθεῖσιν
586 1366 639 1433 ἐπὶ
662 1370 702 1453 τῇ
726 1362 893 1446 ἀποδείξει
915 1368 976 1431 τοῦ
1000 1372 1074 1442 ίσας

56 1469 143 1538 εἶναι
166 1470 226 1550 τὰς
243 1469 327 1557 πρὸς
345 1485 415 1551 τοῖς
431 1480 469 1558 Y,
486 1479 516 1538 X
534 1478 659 1555 γωνίας
677 1472 733 1538 καὶ
746 1468 841 1557 ἡμεῖς
854 1475 1073 1557 χρησαίμεθα.

124 1581 176 1645 64.
211 1573 300 1645 Ἐπεί
322 1577 387 1665 γὰρ
412 1579 549 1661 ἑκατέρα
571 1582 641 1645 τῶν
667 1584 743 1664 ΤΦ,
767 1583 833 1645 ΒΓ
852 1580 893 1665 τῇ
917 1582 983 1644 ΡΣ
1003 1578 1072 1643 ἐστι
1094 1600 1126 1649 10

58 1683 282 1770 παράλληλος,
308 1685 365 1751 καὶ
387 1682 548 1769 ἀλλήλαις
570 1683 635 1751 είσὶ
659 1682 867 1770 παράλληλοι
891 1681 946 1749 διὰ
971 1681 1008 1750 τὸ
1032 1680 1071 1749 θ’

53 1794 117 1858 τοῦ
136 1789 194 1859 ια’.
229 1789 286 1856 καὶ
305 1789 374 1858 ἐπεὶ
393 1787 413 1875 ἡ
435 1796 508 1857 ΨΧ
522 1790 578 1857 καὶ
599 1787 700 1876 ήΒΓ
715 1792 897 1875 τέμνουσιν
917 1785 1073 1873 ἀλλήλας,

56 1899 94 1963 ἐν
118 1897 174 1964 ε’νί
194 1900 280 1964 είσιν
304 1898 447 1987 ἐπιπέδῳ
472 1893 529 1963 διά
553 1895 591 1964 τὸ
616 1895 776 1984 δεύτερον
798 1899 860 1964 τοῦ
884 1893 940 1961 ια’·
974 1895 1010 1960 ἐν
1035 1893 1073 1960 δὲ

54 2005 100 2092 τῷ
126 2000 171 2068 δι’
198 1999 312 2069 αὐτῶν
335 2002 479 2091 ἐπιπέδῳ
502 2000 541 2069 τὸ
565 2001 784 2087 πεντάγωνόν
813 2003 918 2069 ἐστιν·
955 2001 993 2068 ἐν
1021 1998 1072 2067 ἑνὶ

55 2105 121 2191 ἀρα
146 2106 236 2173 ἐστὶν
260 2107 403 2196 ἐπιπέδῳ
427 2104 460 2173 τί
489 2107 713 2192 πεντάγωνον.
1091 2127 1124 2177 15

124 2213 175 2278 65.
221 2210 379 2297 Σχόλιον.
426 2209 482 2278 διὰ
512 2212 546 2298 β’
575 2216 636 2279 τοῦ
664 2211 713 2279 ια’
742 2214 796 2279 δεῖ
826 2214 989 2293 ἐπιζεῦξαι
1016 2210 1070 2277 καί

54 2316 115 2396 τάς
141 2322 221 2402 XY,
252 2323 318 2383 ΤΦ
349 2312 487 2397 εὐθείας
519 2316 575 2384 διά
604 2317 653 2403 ιη’
680 2321 742 2385 τοῦ
770 2316 818 2385 ια’
846 2318 964 2395 τελέως
991 2313 1072 2383 ἀπο-

57 2425 166 2504 δεῖξαι
192 2421 231 2490 τὸ
261 2421 480 2509 πεντάγωνον
514 2425 551 2491 ἐν
581 2423 632 2490 ἑνὶ
661 2419 703 2491 ὂν
731 2424 875 2514 ἐπιπέδῳ
904 2418 924 2509 ή
953 2421 1009 2489 διά
1035 2420 1070 2487 α’

55 2534 116 2597 τοῦ
141 2527 198 2596 ια’.

123 2640 175 2703 66.
206 2632 285 2703 Ἐἀν
304 2635 368 2703 δύο
388 2632 519 2704 εὐθεῖαι
536 2640 583 2726 τῷ
603 2633 693 2728 αὐτῷ
708 2637 851 2728 ἐπιπέδῳ
866 2632 949 2722 πρὸς
963 2630 1070 2721 ὀρθάς
1089 2657 1123 2706 20

56 2733 131 2828 ὦσι,
154 2741 365 2829 παράλληλοί
385 2747 471 2811 είσιν
495 2746 532 2809 αί
553 2741 685 2810 εὐθεῖαι
710 2741 766 2810 διά
792 2742 824 2818 ς’
847 2745 909 2809 τοῦ
932 2742 989 2809 ια’.
1035 2743 1074 2806 αί

56 2857 132 2934 ΡΤ,
157 2855 229 2916 ΣΦ
251 2846 382 2916 εὐθεῖαι
405 2847 612 2936 παράλληλοι
635 2845 793 2935 ἀλλήλαις
816 2851 911 2916 εἰσίν.
944 2847 1008 2915 εἰσί
1032 2845 1070 2913 δὲ

55 2955 111 3021 καὶ
144 2963 212 3022 ίσαι
241 3006 269 3023 ..
287 3007 317 3024 ..
346 2953 462 3035 αὐταῖς
493 2952 553 3034 τὰς
580 2961 660 3041 ΡΟ,
686 2961 755 3024 ΟΣ
780 2952 938 3041 ἀλλήλαις
969 2951 1069 3020 εἶναι·

56 3053 154 3129 αὗται
183 3059 220 3127 δὲ
248 3069 319 3128 ίσαι
342 3062 406 3128 εἰσί
435 3060 491 3128 διὰ
517 3060 552 3127 α’
575 3066 637 3129 τοῦ
660 3063 714 3146 ιγ’.
760 3063 817 3129 καὶ
845 3065 882 3128 αί
905 3067 980 3144 ΤΦ,
1004 3066 1073 3125 ΡΣ

56 3174 126 3232 ίσαι
145 3168 200 3233 καὶ
214 3164 425 3253 παράλληλοί
437 3170 510 3234 τίσι.
537 3164 749 3253 παράλληλος
768 3163 839 3252 δὲή
856 3172 920 3233 ΡΣ
934 3176 974 3252 τῇ
989 3170 1069 3232 ΒΓ·
1088 3187 1123 3236 25

55 3271 110 3337 καί
129 3270 150 3357 ή
172 3278 238 3338 ΤΦ
256 3270 321 3359 ἀρα
338 3283 378 3359 τῇ
397 3277 465 3338 ΒΓ
480 3271 692 3359 παράλληλός
716 3274 784 3339 ἐστι
803 3269 859 3338 διὰ
879 3269 918 3337 θ’
932 3273 994 3338 τοῦ
1009 3269 1070 3354 ια’,

127 3453 170 3502 64.
189 3447 211 3500 Ρ
230 3448 278 3516 (οδ
296 3465 323 3516 p.
339 3453 400 3516 818,
420 3453 452 3503 17
464 3466 504 3518 ιη.
525 3448 599 3503 sicut
615 3466 656 3503 nr.
670 3453 704 3503 65
724 3450 754 3503 et
772 3448 827 3517 66).
901 3452 943 3502 65.
963 3445 1011 3500 V⁸.

56 3525 98 3574 66.
119 3519 158 3571 V·
177 3519 338 3588 (corrupta).

126 3685 150 3734 3.
172 3678 244 3750 ΣΡ]
264 3679 293 3731 Σ
308 3677 424 3732 dubium
443 3677 477 3732 V.
555 3685 580 3734 6.
599 3678 720 3750 γωνίαν]
740 3691 895 3747 suprascr.
914 3675 947 3730 V.
1027 3680 1069 3730 22.

54 3746 225 3876 Ξῳέἀλὲλὲγέῳι
238 3744 384 3876 ἱίγλλήλαις]
402 3746 474 3819 πρὸς
487 3745 607 3819 ἀλλήλας
625 3750 658 3805 V.
714 3755 757 3803 28.
777 3750 851 3804 Ante
867 3742 968 3810 αάταῖς
982 3761 1069 3815 quao-
