2414 4236
318 481 500 531 APPENDIX
521 480 758 532 εοΗοοτοιτυΜ
776 483 812 533 11.
1006 480 1069 544 139

53 619 170 706 ἀγδοα.
220 619 276 686 καὶ
308 617 417 698 ἀλλως
450 622 486 688 ἐν
517 624 563 711 τῷ
598 619 689 712 αὐτῷ
721 625 977 712 τετραγωνιομῶ
1009 624 1071 689 τοῦ

53 723 242 795 εἰκοσιεπτὰ
266 722 418 812 ἀριθμοῦ
441 728 596 794 δίδονται
619 730 659 813 τῇ
682 731 809 816 πλευρᾷ
828 740 944 813 μοῖραι
962 727 1071 812 πέντε,

53 830 155 900 λεπτὰ
178 834 294 918 πρῶτα
320 832 450 915 ἕνδεκα,
474 832 613 918 δεύτερα
636 833 891 919 τεσσαράκοντα
910 834 955 916 ἓξ,
976 839 1072 919 τρίτα

57 936 155 1024 ὀκτῶ,
178 934 386 1024 πεντήκοντα
410 939 490 1005 ἑπτὰ
513 939 662 1026 τέταρτα.
698 939 755 1007 καὶ
774 937 880 1018 οὕτως
898 943 943 1029 τῷ
961 964 1072 1023 τετρα-

53 1055 212 1137 γωνισμῷ
238 1043 444 1130 συνάγονται
462 1043 610 1130 μονάδες
628 1043 815 1113 εἰκοσιεπτὰ
835 1043 891 1112 διά
909 1049 978 1113 τῶν
997 1064 1068 1112 τεσ-
1107 1065 1122 1115 5

54 1149 170 1236 σάρων
192 1149 381 1237 γνωμόνων
400 1146 467 1217 ἀπό
485 1175 521 1217 τε
540 1147 646 1219 αὐτοῦ
665 1162 727 1219 τοῦ
741 1152 1072 1237 προυποτεθειμένου
1099 1227 1102 1233 ,

53 1255 268 1343 τετραγώνου
300 1259 361 1323 τοῦ
390 1259 524 1342 ἔχοντος
556 1261 676 1342 μοίρας
704 1259 915 1325 εἰκοσιπέντε.
965 1279 1071 1344 περιτ-

52 1362 190 1430 τεύουσι
219 1361 257 1430 δέ
284 1365 321 1431 ἐν
347 1375 418 1440 τοῖς
440 1365 768 1450 καταγεγραμμέυοις
795 1363 946 1450 γνῶμοσι
969 1362 1071 1432 λεπτά

53 1470 193 1556 τέταρτα
212 1472 241 1537 ἦ
263 1470 393 1555 πέμπτα
411 1473 433 1554 β
457 1468 533 1535 ἕκτα
548 1472 593 1554 μζ·
612 1469 739 1554 ἕβδομα
754 1474 774 1539 ξ
791 1467 898 1555 ἀγδοα
911 1463 949 1556 θ,
972 1468 1073 1538 ἅτινα

54 1579 245 1663 παρεῶνται
277 1572 322 1654 ῶς
353 1572 556 1642 λεπτότατον
587 1578 663 1642 λίαν
691 1575 983 1662 πολλοστημόριον
1015 1580 1073 1662 τῆς
1092 1596 1126 1645 10

55 1683 215 1765 μονάδος,
239 1677 260 1748 ἃ
283 1680 339 1748 καὶ
362 1676 594 1765 ἀνεπαίσθητα
617 1683 659 1767 τῇ
683 1679 785 1766 φύσει
807 1683 958 1749 καλοῦσι.

122 1791 173 1856 24
208 1784 259 1855 Οά
282 1791 376 1873 χρεία
401 1805 457 1853 σοι
485 1776 510 1854 ῶ
541 1777 641 1866 οὗτος
670 1785 829 1872 ἀριθμῶν
858 1787 915 1854 καὶ
942 1793 1072 1855 λεπτῶν

56 1883 134 1977 ῶδε,
153 1888 226 1960 ἀλλ’
244 1888 326 1959 οὐδὲ
345 1894 474 1959 λεπτῶν
494 1888 581 1971 ὅλως
599 1894 637 1960 ἐν
654 1889 715 1980 ὅλῃ
730 1898 927 1983 γεωμετρία·
950 1897 1073 1979 ματαία

55 1995 120 2082 γάρ
149 1993 232 2081 αὕτη
262 2001 448 2083 φιλοτιμία·
485 1994 559 2065 ἀλλ’
587 1994 632 2078 ῶς
659 1996 678 2065 ὁ
706 2001 895 2085 γεωμέτρης
921 2002 1073 2066 δείκνυσι

54 2105 173 2187 ταῦτα,
197 2098 284 2169 οὕτω
308 2099 371 2188 χρὴ
389 2116 568 2171 κατανοεῖν
586 2103 650 2189 τὴν
667 2103 799 2172 τούτων
817 2102 999 2186 ἀπόδειξιν.
1036 2107 1072 2172 ἐν
1092 2125 1126 2175 1ο

56 2207 89 2276 δ’
111 2205 318 2298 ἀστρονομία
337 2212 459 2288 οἰκεῖος
478 2205 495 2275 ὁ
514 2211 583 2276 τῶν
597 2213 727 2277 λεπτῶν
741 2210 966 2297 ἐπιλογισμός,
983 2209 1072 2278 καθὸ

55 2315 111 2382 καὶ
141 2311 159 2382 δ
183 2321 393 2401 Πτολεμαῖος
419 2317 520 2383 τοῦτο
547 2328 650 2383 ποιεῖ·
688 2317 722 2383 ἐκ
749 2318 815 2402 γὰρ
838 2327 900 2384 τοῦ
923 2323 1073 2402 συνεγγί-

59 2427 174 2502 ζοντος
186 2422 243 2489 καὶ
256 2424 318 2489 τοῦ
332 2420 417 2508 πρὸς
430 2427 593 2507 αίοθησιν
607 2419 769 2508 ἀκριβοῦς
782 2425 820 2489 αί
832 2419 1073 2511 ἀστρονομικαλ

56 2526 255 2609 ἀποδείξεις·
289 2528 440 2594 ἐνταῦθα
464 2525 501 2594 δὲ
524 2527 561 2594 ἐκ
583 2530 645 2594 τοῦ
668 2526 829 2613 πλήρους,
854 2524 937 2612 ὅπερ
960 2525 1073 2613 εὑρεῖν

57 2628 99 2700 οά
123 2633 267 2701 δύναται
290 2629 308 2700 ὁ
333 2634 369 2700 ἐκ
391 2635 461 2700 τῶν
484 2635 613 2701 λεπτῶν
636 2631 886 2720 συμψηφισμός.
1092 2655 1127 2704 20

124 2741 177 2807 25.
209 2736 321 2824 Ῥηταὶ
343 2737 434 2826 παρὰ
456 2742 526 2806 τῶν
548 2742 701 2806 παλαιῶν
726 2737 768 2806 οὐ
791 2739 899 2824 μόνον
922 2741 960 2807 αί
976 2738 1073 2825 μήκει

57 2843 242 2931 σι’μμετροι
266 2845 436 2930 ἐλέγοντο,
469 2840 554 2911 ἀλλὰ
582 2846 639 2911 καὶ
666 2847 705 2910 αί
726 2843 868 2931 δυνάμει
892 2844 1073 2932 σύμμετροι

55 2950 113 3019 καὶ
136 2947 236 3018 αὐτοὶ
258 2950 355 3037 ῥηταὶ
379 2951 544 3036 ἐλέγοντο.

129 3135 172 3184 24.
196 3127 207 3182 l
230 3145 267 3182 m.
289 3143 344 3185 τεο.
370 3126 504 3183 101131ι
527 3127 664 3198 (refertur
686 3128 723 3184 ad
745 3127 833 3182 schol.
851 3126 878 3182 X
899 3147 940 3184 nr.
961 3135 1012 3184 333
1037 3130 1073 3184 εδ

57 3215 138 3269 prop.
154 3198 231 3282 Jle,
256 3199 361 3268 quodl
384 3199 485 3254 eodem
507 3198 571 3255 loco
594 3198 684 3255 habet
706 3216 826 3256 amana
846 3203 881 3271 1).
972 3206 1015 3254 25.
1038 3199 1073 3253 P²

58 3270 243 3340 (ademptum
262 3271 299 3326 ιο
317 3270 352 3339 x,
372 3273 446 3340 10³).

56 3500 84 3556 b·
119 3435 154 3555 εδ.
174 3425 232 3485 ἀπό
252 3428 296 3502 τε]
314 3429 431 3486 ineerta.
510 3436 552 3486 10.
571 3426 796 3501 πολοοτημόριον
814 3430 834 3484 1.
907 3436 950 3485 11.
969 3423 988 3484 οἳ
1007 3430 1074 3500 καί]

75 3518 101 3556 ιε
133 3543 139 3557 .
