<?xml version="1.0" encoding="UTF-8"?>
<!DOCTYPE html PUBLIC "-//W3C//DTD XHTML 1.0 Transitional//EN"
    "http://www.w3.org/TR/xhtml1/DTD/xhtml1-transitional.dtd">
<html xmlns="http://www.w3.org/1999/xhtml" xml:lang="en" lang="en">
 <head>
  <title>
</title>
<meta http-equiv="Content-Type" content="text/html;charset=utf-8" />
  <meta name='ocr-system' content='tesseract 3.04.00' />
  <meta name='ocr-capabilities' content='ocr_page ocr_carea ocr_par ocr_line ocrx_word'/>
</head>
<body>
  <div class='ocr_page' id='page_1' title='image "./euclidisoperaom10unkngoog_0301.png"; bbox 0 0 2414 4236; ppageno 0'>
   <div class='ocr_carea' id='block_1_1' title="bbox 143 509 990 572">
    <p class='ocr_par' dir='ltr' id='par_1_1' title="bbox 143 509 990 572">
     <span class='ocr_line' id='line_1_1' title="bbox 143 509 990 572; baseline 0.006 -10"><span class='ocrx_word' id='word_1_1' title='bbox 143 509 206 572; x_wconf 67' lang='lat'><em>172</em></span> <span class='ocrx_word' id='word_1_2' title='bbox 292 511 449 562; x_wconf 76' lang='lat' dir='ltr'>scnoffl</span> <span class='ocrx_word' id='word_1_3' title='bbox 465 512 504 563; x_wconf 82' lang='lat' dir='ltr'><em>IN</em></span> <span class='ocrx_word' id='word_1_4' title='bbox 522 512 798 565; x_wconf 67' lang='lat' dir='ltr'><strong>mmmmm</strong></span> <span class='ocrx_word' id='word_1_5' title='bbox 814 512 954 565; x_wconf 69' lang='lat' dir='ltr'><em>mum!</em></span> <span class='ocrx_word' id='word_1_6' title='bbox 965 512 990 568; x_wconf 88' lang='lat'><em>1.</em></span> 
     </span>
    </p>
   </div>
   <div class='ocr_carea' id='block_1_2' title="bbox 476 704 818 791">
    <p class='ocr_par' dir='ltr' id='par_1_2' title="bbox 476 704 818 791">
     <span class='ocr_line' id='line_1_2' title="bbox 476 704 818 791; baseline 0.006 -20"><span class='ocrx_word' id='word_1_7' title='bbox 476 704 532 771; x_wconf 78' lang='grc' dir='ltr'><em>ιι</em></span> <span class='ocrx_word' id='word_1_8' title='bbox 554 727 659 791; x_wconf 75' lang='lat' dir='ltr'>prop.</span> <span class='ocrx_word' id='word_1_9' title='bbox 680 704 818 773; x_wconf 61' lang='grc' dir='ltr'><em>τινα.</em></span> 
     </span>
    </p>
   </div>
   <div class='ocr_carea' id='block_1_3' title="bbox 83 826 1159 3574">
    <p class='ocr_par' dir='ltr' id='par_1_3' title="bbox 83 826 1159 3574">
     <span class='ocr_line' id='line_1_3' title="bbox 209 826 1159 917; baseline 0.003 -21"><span class='ocrx_word' id='word_1_10' title='bbox 209 831 280 897; x_wconf 86' lang='grc'><strong>100.</strong></span> <span class='ocrx_word' id='word_1_11' title='bbox 309 829 489 897; x_wconf 78' lang='grc' dir='ltr'><strong><em>Ἐντεῦθεν</em></strong></span> <span class='ocrx_word' id='word_1_12' title='bbox 510 826 646 916; x_wconf 77' lang='grc' dir='ltr'><em>ἄρχεται</em></span> <span class='ocrx_word' id='word_1_13' title='bbox 668 829 744 916; x_wconf 76' lang='grc' dir='ltr'><em>περὶ</em></span> <span class='ocrx_word' id='word_1_14' title='bbox 766 832 835 898; x_wconf 76' lang='grc' dir='ltr'><em>των</em></span> <span class='ocrx_word' id='word_1_15' title='bbox 856 826 1083 917; x_wconf 74' lang='grc' dir='ltr'><strong><em>παραλλήλων</em></strong></span> <span class='ocrx_word' id='word_1_16' title='bbox 1109 832 1159 899; x_wconf 82' lang='grc' dir='ltr'><em>δι·</em></span> 
     </span>
     <span class='ocr_line' id='line_1_4' title="bbox 137 932 284 1002; baseline 0.007 -1"><span class='ocrx_word' id='word_1_17' title='bbox 137 932 284 1002; x_wconf 84' lang='grc' dir='ltr'><em>δάσιίειν.</em></span> 
     </span>
     <span class='ocr_line' id='line_1_5' title="bbox 206 1039 1156 1129; baseline 0.003 -21"><span class='ocrx_word' id='word_1_18' title='bbox 206 1044 279 1108; x_wconf 88' lang='grc'><strong>101.</strong></span> <span class='ocrx_word' id='word_1_19' title='bbox 307 1039 441 1127; x_wconf 83' lang='grc' dir='ltr'><em>Ἐπειδὴ</em></span> <span class='ocrx_word' id='word_1_20' title='bbox 466 1042 522 1108; x_wconf 80' lang='grc' dir='ltr'><em>διὰ</em></span> <span class='ocrx_word' id='word_1_21' title='bbox 545 1043 615 1108; x_wconf 78' lang='grc' dir='ltr'><em>τῶν</em></span> <span class='ocrx_word' id='word_1_22' title='bbox 637 1040 860 1129; x_wconf 73' lang='grc' dir='ltr'><em>παραλλήλων</em></span> <span class='ocrx_word' id='word_1_23' title='bbox 882 1050 1046 1129; x_wconf 77' lang='grc' dir='ltr'><strong><em>γραμμῶν</em></strong></span> <span class='ocrx_word' id='word_1_24' title='bbox 1074 1061 1156 1111; x_wconf 85' lang='grc' dir='ltr'><em>σνν-</em></span> 
     </span>
     <span class='ocr_line' id='line_1_6' title="bbox 103 1143 1157 1237; baseline 0.005 -24"><span class='ocrx_word' id='word_1_25' title='bbox 103 1152 289 1220; x_wconf 68' lang='grc' dir='ltr'><em>τίστανται</em></span> <span class='ocrx_word' id='word_1_26' title='bbox 315 1146 523 1234; x_wconf 88' lang='grc' dir='ltr'><em>τετράγωνα,</em></span> <span class='ocrx_word' id='word_1_27' title='bbox 555 1150 690 1235; x_wconf 75' lang='grc' dir='ltr'><em>πρῶτον</em></span> <span class='ocrx_word' id='word_1_28' title='bbox 721 1146 798 1234; x_wconf 72' lang='grc' dir='ltr'><em>περὶ</em></span> <span class='ocrx_word' id='word_1_29' title='bbox 829 1143 943 1216; x_wconf 78' lang='grc' dir='ltr'><em>αὐτῶν</em></span> <span class='ocrx_word' id='word_1_30' title='bbox 974 1151 1044 1217; x_wconf 79' lang='grc' dir='ltr'><em>των</em></span> <span class='ocrx_word' id='word_1_31' title='bbox 1071 1172 1157 1237; x_wconf 82' lang='grc' dir='ltr'><em>παρ-</em></span> 
     </span>
     <span class='ocr_line' id='line_1_7' title="bbox 137 1251 1156 1345; baseline 0.003 -25"><span class='ocrx_word' id='word_1_32' title='bbox 137 1257 291 1339; x_wconf 84' lang='grc' dir='ltr'><em>αλλήλων</em></span> <span class='ocrx_word' id='word_1_33' title='bbox 313 1256 476 1339; x_wconf 76' lang='grc' dir='ltr'><em>γραμμῶν</em></span> <span class='ocrx_word' id='word_1_34' title='bbox 500 1251 653 1321; x_wconf 76' lang='grc' dir='ltr'><em>διδάσκει</em></span> <span class='ocrx_word' id='word_1_35' title='bbox 676 1254 714 1321; x_wconf 84' lang='grc' dir='ltr'><em>ἐν</em></span> <span class='ocrx_word' id='word_1_36' title='bbox 732 1256 778 1345; x_wconf 77' lang='grc' dir='ltr'><em>τῷ</em></span> <span class='ocrx_word' id='word_1_37' title='bbox 796 1251 846 1334; x_wconf 73' lang='grc' dir='ltr'><em>κζ’</em></span> <span class='ocrx_word' id='word_1_38' title='bbox 865 1252 1074 1343; x_wconf 74' lang='grc' dir='ltr'><em>θεωρήματι,</em></span> <span class='ocrx_word' id='word_1_39' title='bbox 1096 1256 1156 1323; x_wconf 81' lang='grc' dir='ltr'><em>ιιαλ</em></span> 
     </span>
     <span class='ocr_line' id='line_1_8' title="bbox 137 1356 1157 1449; baseline 0.002 -21"><span class='ocrx_word' id='word_1_40' title='bbox 137 1358 238 1441; x_wconf 81' lang='grc' dir='ltr'><em>ὅπως,</em></span> <span class='ocrx_word' id='word_1_41' title='bbox 262 1362 376 1445; x_wconf 88' lang='grc' dir='ltr'><em>δήλον.</em></span> <span class='ocrx_word' id='word_1_42' title='bbox 423 1357 505 1427; x_wconf 90' lang='grc' dir='ltr'><em>αὐτὸ</em></span> <span class='ocrx_word' id='word_1_43' title='bbox 529 1359 566 1426; x_wconf 74' lang='grc' dir='ltr'><em>δέ</em></span> <span class='ocrx_word' id='word_1_44' title='bbox 592 1358 631 1427; x_wconf 88' lang='grc' dir='ltr'><em>τὸ</em></span> <span class='ocrx_word' id='word_1_45' title='bbox 660 1356 803 1439; x_wconf 80' lang='grc' dir='ltr'><em>ἐναλλάξ</em></span> <span class='ocrx_word' id='word_1_46' title='bbox 830 1360 941 1428; x_wconf 81' lang='grc' dir='ltr'><em>ἰστέον</em></span> <span class='ocrx_word' id='word_1_47' title='bbox 969 1356 1022 1428; x_wconf 81' lang='grc' dir='ltr'><em>ὅτι</em></span> <span class='ocrx_word' id='word_1_48' title='bbox 1049 1364 1157 1449; x_wconf 68' lang='grc' dir='ltr'><em>διχῶς</em></span> 
     </span>
     <span class='ocr_line' id='line_1_9' title="bbox 137 1463 1156 1553; baseline 0.001 -19"><span class='ocrx_word' id='word_1_49' title='bbox 137 1463 156 1534; x_wconf 86' lang='grc' dir='ltr'>ὁ</span> <span class='ocrx_word' id='word_1_50' title='bbox 175 1468 362 1551; x_wconf 79' lang='grc' dir='ltr'><em>γεωμέτρης</em></span> <span class='ocrx_word' id='word_1_51' title='bbox 380 1464 642 1552; x_wconf 79' lang='grc' dir='ltr'><em>παραλαμβάνει,</em></span> <span class='ocrx_word' id='word_1_52' title='bbox 660 1463 740 1533; x_wconf 70' lang='grc' dir='ltr'><em>ποτέ</em></span> <span class='ocrx_word' id='word_1_53' title='bbox 756 1463 819 1551; x_wconf 73' lang='grc' dir='ltr'><em>μὲν</em></span> <span class='ocrx_word' id='word_1_54' title='bbox 836 1463 919 1534; x_wconf 80' lang='grc' dir='ltr'><em>κατὰ</em></span> <span class='ocrx_word' id='word_1_55' title='bbox 932 1464 996 1553; x_wconf 86' lang='grc' dir='ltr'><em>τήν</em></span> <span class='ocrx_word' id='word_1_56' title='bbox 1014 1464 1156 1535; x_wconf 77' lang='grc' dir='ltr'><em>τοιάνδε</em></span> 
     </span>
     <span class='ocr_line' id='line_1_10' title="bbox 137 1568 1154 1659; baseline 0.003 -20"><span class='ocrx_word' id='word_1_57' title='bbox 137 1574 248 1655; x_wconf 81' lang='grc' dir='ltr'><em>θέσιν,</em></span> <span class='ocrx_word' id='word_1_58' title='bbox 270 1571 349 1639; x_wconf 67' lang='grc' dir='ltr'><em>ποτὶ</em></span> <span class='ocrx_word' id='word_1_59' title='bbox 373 1569 411 1639; x_wconf 69' lang='grc' dir='ltr'><em>δὲ</em></span> <span class='ocrx_word' id='word_1_60' title='bbox 433 1574 516 1638; x_wconf 83' lang='grc' dir='ltr'><em>κατὰ</em></span> <span class='ocrx_word' id='word_1_61' title='bbox 539 1573 602 1659; x_wconf 86' lang='grc' dir='ltr'><em>τήν</em></span> <span class='ocrx_word' id='word_1_62' title='bbox 624 1569 760 1639; x_wconf 87' lang='grc' dir='ltr'><em>τοιάνδε</em></span> <span class='ocrx_word' id='word_1_63' title='bbox 783 1574 862 1639; x_wconf 77' lang='grc' dir='ltr'><em>τῶν</em></span> <span class='ocrx_word' id='word_1_64' title='bbox 875 1570 987 1659; x_wconf 86' lang='grc' dir='ltr'><em>λόγων</em></span> <span class='ocrx_word' id='word_1_65' title='bbox 1010 1568 1154 1643; x_wconf 80' lang='grc' dir='ltr'><em>ἆτιολου·</em></span> 
     </span>
     <span class='ocr_line' id='line_1_11' title="bbox 85 1675 1154 1771; baseline -0.004 -20"><span class='ocrx_word' id='word_1_66' title='bbox 85 1702 119 1751; x_wconf 90' lang='lat'><em>10</em></span> <span class='ocrx_word' id='word_1_67' title='bbox 137 1685 229 1746; x_wconf 87' lang='grc' dir='ltr'><em>θίαν.</em></span> <span class='ocrx_word' id='word_1_68' title='bbox 266 1675 349 1745; x_wconf 80' lang='grc' dir='ltr'><em>κατὰ</em></span> <span class='ocrx_word' id='word_1_69' title='bbox 372 1676 435 1765; x_wconf 72' lang='grc' dir='ltr'><em>μέν</em></span> <span class='ocrx_word' id='word_1_70' title='bbox 457 1682 558 1746; x_wconf 84' lang='grc' dir='ltr'><em>τοῦτο</em></span> <span class='ocrx_word' id='word_1_71' title='bbox 581 1676 619 1746; x_wconf 81' lang='grc' dir='ltr'><em>τὸ</em></span> <span class='ocrx_word' id='word_1_72' title='bbox 643 1676 891 1765; x_wconf 74' lang='grc' dir='ltr'><em>σημαινόμενον</em></span> <span class='ocrx_word' id='word_1_73' title='bbox 915 1679 954 1746; x_wconf 81' lang='grc' dir='ltr'><em>ἐν</em></span> <span class='ocrx_word' id='word_1_74' title='bbox 975 1682 1022 1771; x_wconf 71' lang='grc' dir='ltr'><em>τῷ</em></span> <span class='ocrx_word' id='word_1_75' title='bbox 1045 1676 1077 1747; x_wconf 83' lang='grc' dir='ltr'><em>ε’</em></span> <span class='ocrx_word' id='word_1_76' title='bbox 1096 1678 1154 1747; x_wconf 76' lang='grc' dir='ltr'><em>καὶ</em></span> 
     </span>
     <span class='ocr_line' id='line_1_12' title="bbox 137 1781 1154 1875; baseline 0.003 -23"><span class='ocrx_word' id='word_1_77' title='bbox 137 1787 174 1853; x_wconf 86' lang='grc' dir='ltr'><em>ἐν</em></span> <span class='ocrx_word' id='word_1_78' title='bbox 197 1798 267 1863; x_wconf 85' lang='grc' dir='ltr'><em>τοῖς</em></span> <span class='ocrx_word' id='word_1_79' title='bbox 290 1781 525 1870; x_wconf 79' lang='grc' dir='ltr'><em>ἀριθμητικοῖς</em></span> <span class='ocrx_word' id='word_1_80' title='bbox 547 1788 666 1871; x_wconf 81' lang='grc' dir='ltr'><em>χρῆται</em></span> <span class='ocrx_word' id='word_1_81' title='bbox 692 1788 737 1875; x_wconf 75' lang='grc' dir='ltr'><em>τῷ</em></span> <span class='ocrx_word' id='word_1_82' title='bbox 761 1782 918 1869; x_wconf 78' lang='grc' dir='ltr'><em>ἐναλλάξ,</em></span> <span class='ocrx_word' id='word_1_83' title='bbox 945 1781 1027 1869; x_wconf 70' lang='grc' dir='ltr'><em>κατὰ</em></span> <span class='ocrx_word' id='word_1_84' title='bbox 1052 1784 1092 1853; x_wconf 66' lang='grc' dir='ltr'><em>δὲ</em></span> <span class='ocrx_word' id='word_1_85' title='bbox 1114 1785 1154 1855; x_wconf 83' lang='grc' dir='ltr'><em>τὸ</em></span> 
     </span>
     <span class='ocr_line' id='line_1_13' title="bbox 138 1888 1155 1979; baseline 0.001 -21"><span class='ocrx_word' id='word_1_86' title='bbox 138 1892 253 1977; x_wconf 80' lang='grc' dir='ltr'><em>ἕτερον</em></span> <span class='ocrx_word' id='word_1_87' title='bbox 275 1895 313 1956; x_wconf 84' lang='grc' dir='ltr'><em>έν</em></span> <span class='ocrx_word' id='word_1_88' title='bbox 336 1915 371 1956; x_wconf 86' lang='grc' dir='ltr'><em>τε</em></span> <span class='ocrx_word' id='word_1_89' title='bbox 394 1888 500 1979; x_wconf 78' lang='grc' dir='ltr'><em>τούτῳ</em></span> <span class='ocrx_word' id='word_1_90' title='bbox 524 1890 579 1957; x_wconf 81' lang='grc' dir='ltr'><em>καί</em></span> <span class='ocrx_word' id='word_1_91' title='bbox 603 1891 640 1957; x_wconf 81' lang='grc' dir='ltr'><em>ἐν</em></span> <span class='ocrx_word' id='word_1_92' title='bbox 663 1904 733 1969; x_wconf 78' lang='grc' dir='ltr'><em>τοῖς</em></span> <span class='ocrx_word' id='word_1_93' title='bbox 756 1888 873 1971; x_wconf 76' lang='grc' dir='ltr'><em>ἄλλοις</em></span> <span class='ocrx_word' id='word_1_94' title='bbox 898 1894 979 1959; x_wconf 85' lang='grc' dir='ltr'><em>πᾶσι</em></span> <span class='ocrx_word' id='word_1_95' title='bbox 1007 1894 1155 1977; x_wconf 75' lang='grc' dir='ltr'><em>βιβλίοις</em></span> 
     </span>
     <span class='ocr_line' id='line_1_14' title="bbox 138 1993 1153 2084; baseline 0.003 -21"><span class='ocrx_word' id='word_1_96' title='bbox 138 1995 191 2063; x_wconf 83' lang='grc' dir='ltr'><em>ἐπὶ</em></span> <span class='ocrx_word' id='word_1_97' title='bbox 214 1999 282 2062; x_wconf 79' lang='grc' dir='ltr'><em>τῶν</em></span> <span class='ocrx_word' id='word_1_98' title='bbox 305 1996 528 2081; x_wconf 83' lang='grc' dir='ltr'><em>παραλλήλων</em></span> <span class='ocrx_word' id='word_1_99' title='bbox 551 1993 696 2064; x_wconf 77' lang='grc' dir='ltr'><em>εὐθειῶν</em></span> <span class='ocrx_word' id='word_1_100' title='bbox 719 1998 774 2064; x_wconf 82' lang='grc' dir='ltr'><em>καὶ</em></span> <span class='ocrx_word' id='word_1_101' title='bbox 798 2001 855 2083; x_wconf 83' lang='grc' dir='ltr'><em>τῆς</em></span> <span class='ocrx_word' id='word_1_102' title='bbox 878 2001 926 2078; x_wconf 87' lang='grc' dir='ltr'><em>είς</em></span> <span class='ocrx_word' id='word_1_103' title='bbox 952 1996 1076 2077; x_wconf 91' lang='grc' dir='ltr'><em>ταύτας</em></span> <span class='ocrx_word' id='word_1_104' title='bbox 1099 1999 1153 2084; x_wconf 90' lang='grc' dir='ltr'><em>ἐμ·</em></span> 
     </span>
     <span class='ocr_line' id='line_1_15' title="bbox 136 2100 1153 2191; baseline 0.006 -24"><span class='ocrx_word' id='word_1_105' title='bbox 136 2100 333 2188; x_wconf 82' lang='grc' dir='ltr'><em>πιπτούσης·</em></span> <span class='ocrx_word' id='word_1_106' title='bbox 356 2101 415 2182; x_wconf 81' lang='grc' dir='ltr'><em>τάς</em></span> <span class='ocrx_word' id='word_1_107' title='bbox 433 2101 498 2189; x_wconf 80' lang='grc' dir='ltr'><em>γὰρ</em></span> <span class='ocrx_word' id='word_1_108' title='bbox 517 2109 640 2188; x_wconf 84' lang='grc' dir='ltr'><em>γωνίας</em></span> <span class='ocrx_word' id='word_1_109' title='bbox 662 2103 721 2183; x_wconf 80' lang='grc' dir='ltr'><em>τὰς</em></span> <span class='ocrx_word' id='word_1_110' title='bbox 743 2103 788 2190; x_wconf 81' lang='grc' dir='ltr'><em>μή</em></span> <span class='ocrx_word' id='word_1_111' title='bbox 812 2104 865 2172; x_wconf 83' lang='grc' dir='ltr'><em>ἐπί</em></span> <span class='ocrx_word' id='word_1_112' title='bbox 887 2104 928 2172; x_wconf 83' lang='grc' dir='ltr'><em>τά</em></span> <span class='ocrx_word' id='word_1_113' title='bbox 952 2102 1035 2171; x_wconf 82' lang='grc' dir='ltr'><em>αὐτὰ</em></span> <span class='ocrx_word' id='word_1_114' title='bbox 1060 2132 1153 2191; x_wconf 88' lang='grc' dir='ltr'><em>γινο-</em></span> 
     </span>
     <span class='ocr_line' id='line_1_16' title="bbox 86 2206 1153 2299; baseline 0.007 -26"><span class='ocrx_word' id='word_1_115' title='bbox 86 2233 117 2280; x_wconf 76' lang='lat'><em>15</em></span> <span class='ocrx_word' id='word_1_116' title='bbox 138 2208 253 2293; x_wconf 87' lang='grc' dir='ltr'><em>μένας,</em></span> <span class='ocrx_word' id='word_1_117' title='bbox 282 2206 366 2277; x_wconf 77' lang='grc' dir='ltr'><em>ἄλλά</em></span> <span class='ocrx_word' id='word_1_118' title='bbox 391 2212 628 2299; x_wconf 72' lang='grc' dir='ltr'><em>ιδιειργομένας</em></span> <span class='ocrx_word' id='word_1_119' title='bbox 655 2211 716 2298; x_wconf 70' lang='grc' dir='ltr'><em>μὲν</em></span> <span class='ocrx_word' id='word_1_120' title='bbox 745 2210 811 2280; x_wconf 89' lang='grc' dir='ltr'><em>άπὸ</em></span> <span class='ocrx_word' id='word_1_121' title='bbox 834 2216 893 2298; x_wconf 79' lang='grc' dir='ltr'><em>τῆς</em></span> <span class='ocrx_word' id='word_1_122' title='bbox 916 2211 1153 2298; x_wconf 79' lang='grc' dir='ltr'><em>ἐμπιπτούσης,</em></span> 
     </span>
     <span class='ocr_line' id='line_1_17' title="bbox 138 2314 1152 2409; baseline 0.004 -28"><span class='ocrx_word' id='word_1_123' title='bbox 138 2314 232 2394; x_wconf 88' lang='grc' dir='ltr'><em>ε’ντύς</em></span> <span class='ocrx_word' id='word_1_124' title='bbox 255 2314 292 2383; x_wconf 75' lang='grc' dir='ltr'><em>δέ</em></span> <span class='ocrx_word' id='word_1_125' title='bbox 315 2314 416 2403; x_wconf 82' lang='grc' dir='ltr'><em>άμφω</em></span> <span class='ocrx_word' id='word_1_126' title='bbox 439 2322 507 2385; x_wconf 83' lang='grc' dir='ltr'><em>τιύν</em></span> <span class='ocrx_word' id='word_1_127' title='bbox 531 2318 754 2405; x_wconf 89' lang='grc' dir='ltr'><em>παραλλήλων</em></span> <span class='ocrx_word' id='word_1_128' title='bbox 779 2317 1004 2404; x_wconf 79' lang='grc' dir='ltr'><em>διαφερούσας</em></span> <span class='ocrx_word' id='word_1_129' title='bbox 1023 2317 1086 2404; x_wconf 74' lang='grc' dir='ltr'><em>μὲν</em></span> <span class='ocrx_word' id='word_1_130' title='bbox 1106 2323 1152 2409; x_wconf 76' lang='grc' dir='ltr'><em>τῷ</em></span> 
     </span>
     <span class='ocr_line' id='line_1_18' title="bbox 137 2419 1155 2511; baseline 0.004 -24"><span class='ocrx_word' id='word_1_131' title='bbox 137 2419 197 2506; x_wconf 83' lang='grc' dir='ltr'><em>τήν</em></span> <span class='ocrx_word' id='word_1_132' title='bbox 221 2422 283 2509; x_wconf 71' lang='grc' dir='ltr'><em>μέν</em></span> <span class='ocrx_word' id='word_1_133' title='bbox 306 2420 378 2491; x_wconf 78' lang='grc' dir='ltr'><em>ἅνω</em></span> <span class='ocrx_word' id='word_1_134' title='bbox 397 2433 541 2507; x_wconf 81' lang='grc' dir='ltr'><em>κεῖσθαι,</em></span> <span class='ocrx_word' id='word_1_135' title='bbox 564 2423 626 2511; x_wconf 82' lang='grc' dir='ltr'><em>τήν</em></span> <span class='ocrx_word' id='word_1_136' title='bbox 647 2423 684 2491; x_wconf 70' lang='grc' dir='ltr'><em>δὲ</em></span> <span class='ocrx_word' id='word_1_137' title='bbox 702 2422 803 2509; x_wconf 86' lang='grc' dir='ltr'><em>κάτω,</em></span> <span class='ocrx_word' id='word_1_138' title='bbox 827 2424 881 2490; x_wconf 81' lang='grc' dir='ltr'><em>καί</em></span> <span class='ocrx_word' id='word_1_139' title='bbox 900 2427 959 2508; x_wconf 86' lang='grc' dir='ltr'><em>τής</em></span> <span class='ocrx_word' id='word_1_140' title='bbox 977 2422 1038 2508; x_wconf 72' lang='grc' dir='ltr'><em>μέν</em></span> <span class='ocrx_word' id='word_1_141' title='bbox 1057 2422 1155 2504; x_wconf 87' lang='grc' dir='ltr'><em>ἐντὸς</em></span> 
     </span>
     <span class='ocr_line' id='line_1_19' title="bbox 136 2527 1153 2616; baseline 0.001 -20"><span class='ocrx_word' id='word_1_142' title='bbox 136 2533 193 2614; x_wconf 79' lang='grc' dir='ltr'><em>τῆς</em></span> <span class='ocrx_word' id='word_1_143' title='bbox 216 2528 441 2615; x_wconf 81' lang='grc' dir='ltr'><em>ἐμπιπτούσης</em></span> <span class='ocrx_word' id='word_1_144' title='bbox 464 2528 600 2609; x_wconf 83' lang='grc' dir='ltr'><em>εὐθείας</em></span> <span class='ocrx_word' id='word_1_145' title='bbox 627 2533 675 2609; x_wconf 89' lang='grc' dir='ltr'><em>είς</em></span> <span class='ocrx_word' id='word_1_146' title='bbox 697 2530 755 2609; x_wconf 83' lang='grc' dir='ltr'><em>τὰς</em></span> <span class='ocrx_word' id='word_1_147' title='bbox 778 2530 1012 2616; x_wconf 86' lang='grc' dir='ltr'><em>παραλλήλους</em></span> <span class='ocrx_word' id='word_1_148' title='bbox 1035 2527 1153 2616; x_wconf 79' lang='grc' dir='ltr'><em>οὔσης,</em></span> 
     </span>
     <span class='ocr_line' id='line_1_20' title="bbox 135 2631 1153 2722; baseline 0.003 -21"><span class='ocrx_word' id='word_1_149' title='bbox 135 2639 194 2721; x_wconf 82' lang='grc' dir='ltr'><em>τῆς</em></span> <span class='ocrx_word' id='word_1_150' title='bbox 218 2634 255 2700; x_wconf 68' lang='grc' dir='ltr'><em>δὲ</em></span> <span class='ocrx_word' id='word_1_151' title='bbox 279 2632 388 2717; x_wconf 82' lang='grc' dir='ltr'><em>ἐκτός,</em></span> <span class='ocrx_word' id='word_1_152' title='bbox 417 2631 607 2720; x_wconf 80' lang='grc' dir='ltr'><em>ἀμφοτέρας</em></span> <span class='ocrx_word' id='word_1_153' title='bbox 635 2635 671 2702; x_wconf 73' lang='grc' dir='ltr'><em>δὲ</em></span> <span class='ocrx_word' id='word_1_154' title='bbox 700 2634 795 2714; x_wconf 82' lang='grc' dir='ltr'><em>ἐντὸς</em></span> <span class='ocrx_word' id='word_1_155' title='bbox 821 2639 891 2704; x_wconf 75' lang='grc' dir='ltr'><em>τῶν</em></span> <span class='ocrx_word' id='word_1_156' title='bbox 914 2634 1153 2722; x_wconf 88' lang='grc' dir='ltr'><em>παραλλήλων,</em></span> 
     </span>
     <span class='ocr_line' id='line_1_21' title="bbox 83 2736 1154 2824; baseline -0.002 -13"><span class='ocrx_word' id='word_1_157' title='bbox 83 2741 260 2818; x_wconf 70' lang='grc' dir='ltr'><em>τοιαύτας</em></span> <span class='ocrx_word' id='word_1_158' title='bbox 287 2737 428 2820; x_wconf 80' lang='grc' dir='ltr'><em>ἐναλλάξ</em></span> <span class='ocrx_word' id='word_1_159' title='bbox 458 2746 583 2824; x_wconf 89' lang='grc' dir='ltr'><em>γωνίας</em></span> <span class='ocrx_word' id='word_1_160' title='bbox 611 2748 716 2808; x_wconf 76' lang='grc' dir='ltr'><em>καλεῖ·</em></span> <span class='ocrx_word' id='word_1_161' title='bbox 759 2736 833 2809; x_wconf 89' lang='grc' dir='ltr'><em>οἷον</em></span> <span class='ocrx_word' id='word_1_162' title='bbox 861 2737 1006 2809; x_wconf 81' lang='grc' dir='ltr'><em>εὐθειῶν</em></span> <span class='ocrx_word' id='word_1_163' title='bbox 1035 2739 1154 2811; x_wconf 77' lang='grc' dir='ltr'><em>οὐσῶν</em></span> 
     </span>
     <span class='ocr_line' id='line_1_22' title="bbox 136 2845 1154 2934; baseline 0.003 -22"><span class='ocrx_word' id='word_1_164' title='bbox 136 2850 205 2913; x_wconf 78' lang='grc' dir='ltr'><em>τῶν</em></span> <span class='ocrx_word' id='word_1_165' title='bbox 238 2853 318 2930; x_wconf 88' lang='grc' dir='ltr'><em>ΑΒ,</em></span> <span class='ocrx_word' id='word_1_166' title='bbox 349 2851 379 2912; x_wconf 92' lang='grc' dir='ltr'><strong><em>Γ</em></strong></span> <span class='ocrx_word' id='word_1_167' title='bbox 376 2854 423 2931; x_wconf 89' lang='grc' dir='ltr'><em>Δ,</em></span> <span class='ocrx_word' id='word_1_168' title='bbox 457 2846 681 2932; x_wconf 80' lang='grc' dir='ltr'><em>ἐμπιπτούσης</em></span> <span class='ocrx_word' id='word_1_169' title='bbox 714 2847 752 2915; x_wconf 71' lang='grc' dir='ltr'><em>δὲ</em></span> <span class='ocrx_word' id='word_1_170' title='bbox 784 2852 831 2927; x_wconf 86' lang='grc' dir='ltr'><em>είς</em></span> <span class='ocrx_word' id='word_1_171' title='bbox 863 2845 966 2927; x_wconf 78' lang='grc' dir='ltr'><em>αὐτὰς</em></span> <span class='ocrx_word' id='word_1_172' title='bbox 996 2859 1054 2934; x_wconf 82' lang='grc' dir='ltr'><em>τῆς</em></span> <span class='ocrx_word' id='word_1_173' title='bbox 1089 2855 1154 2915; x_wconf 86' lang='grc' dir='ltr'><em>ΕΖ</em></span> 
     </span>
     <span class='ocr_line' id='line_1_23' title="bbox 137 2950 1157 3039; baseline 0.002 -19"><span class='ocrx_word' id='word_1_174' title='bbox 137 2952 272 3032; x_wconf 82' lang='grc' dir='ltr'><em>εὐθείας</em></span> <span class='ocrx_word' id='word_1_175' title='bbox 295 2951 436 3034; x_wconf 82' lang='grc' dir='ltr'><em>ἐναλλάξ</em></span> <span class='ocrx_word' id='word_1_176' title='bbox 461 2950 551 3020; x_wconf 83' lang='grc' dir='ltr'><em>εἷναί</em></span> <span class='ocrx_word' id='word_1_177' title='bbox 571 2972 654 3039; x_wconf 85' lang='grc' dir='ltr'><em>φησι</em></span> <span class='ocrx_word' id='word_1_178' title='bbox 678 2952 736 3032; x_wconf 80' lang='grc' dir='ltr'><em>τὰς</em></span> <span class='ocrx_word' id='word_1_179' title='bbox 758 2951 824 3022; x_wconf 88' lang='grc' dir='ltr'><em>ὑπο</em></span> <span class='ocrx_word' id='word_1_180' title='bbox 849 2962 949 3021; x_wconf 86' lang='grc' dir='ltr'><em>ΑΕΖ</em></span> <span class='ocrx_word' id='word_1_181' title='bbox 972 2955 1028 3022; x_wconf 84' lang='grc' dir='ltr'><em>καί</em></span> <span class='ocrx_word' id='word_1_182' title='bbox 1049 2966 1083 3021; x_wconf 91' lang='grc' dir='ltr'><em>Δ</em></span> <span class='ocrx_word' id='word_1_183' title='bbox 1090 2962 1157 3023; x_wconf 85' lang='grc' dir='ltr'><em>ΖΕ</em></span> 
     </span>
     <span class='ocr_line' id='line_1_24' title="bbox 136 3056 1157 3140; baseline 0.004 -15"><span class='ocrx_word' id='word_1_184' title='bbox 136 3061 192 3126; x_wconf 80' lang='grc' dir='ltr'><em>καὶ</em></span> <span class='ocrx_word' id='word_1_185' title='bbox 215 3059 316 3126; x_wconf 85' lang='grc' dir='ltr'><em>πάλιν</em></span> <span class='ocrx_word' id='word_1_186' title='bbox 339 3059 398 3139; x_wconf 82' lang='grc' dir='ltr'><em>τάς</em></span> <span class='ocrx_word' id='word_1_187' title='bbox 420 3056 486 3127; x_wconf 85' lang='grc' dir='ltr'><em>ὑπὸ</em></span> <span class='ocrx_word' id='word_1_188' title='bbox 512 3064 545 3125; x_wconf 93' lang='grc' dir='ltr'><strong><em>Γ</em></strong></span> <span class='ocrx_word' id='word_1_189' title='bbox 545 3066 609 3125; x_wconf 79' lang='grc' dir='ltr'><em>ΖΕ</em></span> <span class='ocrx_word' id='word_1_190' title='bbox 634 3059 689 3125; x_wconf 81' lang='grc' dir='ltr'><em>καὶ</em></span> <span class='ocrx_word' id='word_1_191' title='bbox 713 3067 818 3127; x_wconf 86' lang='grc' dir='ltr'><em>ΒΕΖ.</em></span> <span class='ocrx_word' id='word_1_192' title='bbox 866 3058 973 3140; x_wconf 79' lang='grc' dir='ltr'><em>οὕτως</em></span> <span class='ocrx_word' id='word_1_193' title='bbox 997 3059 1034 3128; x_wconf 70' lang='grc' dir='ltr'><em>δὲ</em></span> <span class='ocrx_word' id='word_1_194' title='bbox 1056 3069 1157 3129; x_wconf 83' lang='grc' dir='ltr'><em>καλεῖ</em></span> 
     </span>
     <span class='ocr_line' id='line_1_25' title="bbox 137 3163 1154 3255; baseline 0.005 -25"><span class='ocrx_word' id='word_1_195' title='bbox 137 3164 240 3245; x_wconf 84' lang='grc' dir='ltr'><em>αὐτας</em></span> <span class='ocrx_word' id='word_1_196' title='bbox 263 3163 307 3244; x_wconf 80' lang='grc' dir='ltr'><em>ὡς</em></span> <span class='ocrx_word' id='word_1_197' title='bbox 331 3165 583 3251; x_wconf 79' lang='grc' dir='ltr'><em>ἐνηλλαγμένως</em></span> <span class='ocrx_word' id='word_1_198' title='bbox 606 3164 746 3252; x_wconf 87' lang='grc' dir='ltr'><em>ἐχούσας</em></span> <span class='ocrx_word' id='word_1_199' title='bbox 769 3193 851 3234; x_wconf 89' lang='grc' dir='ltr'><em>κατα</em></span> <span class='ocrx_word' id='word_1_200' title='bbox 870 3166 933 3253; x_wconf 84' lang='grc' dir='ltr'><em>τήν</em></span> <span class='ocrx_word' id='word_1_201' title='bbox 951 3168 1066 3241; x_wconf 79' lang='grc' dir='ltr'><em>θέσιν,</em></span> <span class='ocrx_word' id='word_1_202' title='bbox 1088 3166 1154 3255; x_wconf 83' lang='grc' dir='ltr'><em>τήν</em></span> 
     </span>
     <span class='ocr_line' id='line_1_26' title="bbox 83 3269 1155 3361; baseline 0.001 -20"><span class='ocrx_word' id='word_1_203' title='bbox 83 3296 117 3343; x_wconf 76' lang='lat'><em>25</em></span> <span class='ocrx_word' id='word_1_204' title='bbox 137 3272 198 3357; x_wconf 73' lang='grc' dir='ltr'><em>μὲν</em></span> <span class='ocrx_word' id='word_1_205' title='bbox 218 3270 300 3356; x_wconf 85' lang='grc' dir='ltr'><em>ἄνω,</em></span> <span class='ocrx_word' id='word_1_206' title='bbox 324 3274 385 3357; x_wconf 87' lang='grc' dir='ltr'><em>τήν</em></span> <span class='ocrx_word' id='word_1_207' title='bbox 405 3269 443 3338; x_wconf 67' lang='grc' dir='ltr'><em>δέ</em></span> <span class='ocrx_word' id='word_1_208' title='bbox 461 3269 549 3338; x_wconf 82' lang='grc' dir='ltr'><em>κάτω</em></span> <span class='ocrx_word' id='word_1_209' title='bbox 568 3272 623 3338; x_wconf 83' lang='grc' dir='ltr'><em>καὶ</em></span> <span class='ocrx_word' id='word_1_210' title='bbox 642 3269 703 3358; x_wconf 83' lang='grc' dir='ltr'><em>τήν</em></span> <span class='ocrx_word' id='word_1_211' title='bbox 722 3271 784 3357; x_wconf 78' lang='grc' dir='ltr'><em>μὲν</em></span> <span class='ocrx_word' id='word_1_212' title='bbox 800 3273 853 3340; x_wconf 82' lang='grc' dir='ltr'><em>ἐπὶ</em></span> <span class='ocrx_word' id='word_1_213' title='bbox 868 3271 904 3339; x_wconf 87' lang='grc' dir='ltr'><em>τὸ</em></span> <span class='ocrx_word' id='word_1_214' title='bbox 921 3274 1035 3358; x_wconf 83' lang='grc' dir='ltr'><em>ἕτερον</em></span> <span class='ocrx_word' id='word_1_215' title='bbox 1049 3274 1155 3361; x_wconf 85' lang='grc' dir='ltr'><em>μέρος</em></span> 
     </span>
     <span class='ocr_line' id='line_1_27' title="bbox 136 3373 1157 3465; baseline 0.003 -20"><span class='ocrx_word' id='word_1_216' title='bbox 136 3382 195 3463; x_wconf 89' lang='grc' dir='ltr'><em>τής</em></span> <span class='ocrx_word' id='word_1_217' title='bbox 223 3374 447 3464; x_wconf 84' lang='grc' dir='ltr'><em>ἐμπιπτούσης</em></span> <span class='ocrx_word' id='word_1_218' title='bbox 474 3373 623 3462; x_wconf 87' lang='grc' dir='ltr'><em>εὐθείας,</em></span> <span class='ocrx_word' id='word_1_219' title='bbox 651 3376 714 3462; x_wconf 85' lang='grc' dir='ltr'><em>τήν</em></span> <span class='ocrx_word' id='word_1_220' title='bbox 743 3377 780 3444; x_wconf 68' lang='grc' dir='ltr'><em>δὲ</em></span> <span class='ocrx_word' id='word_1_221' title='bbox 808 3378 861 3445; x_wconf 79' lang='grc' dir='ltr'><em>ἐπὶ</em></span> <span class='ocrx_word' id='word_1_222' title='bbox 888 3377 925 3446; x_wconf 85' lang='grc' dir='ltr'><em>τὸ</em></span> <span class='ocrx_word' id='word_1_223' title='bbox 954 3380 1084 3465; x_wconf 79' lang='grc' dir='ltr'><em>ἕτερον·</em></span> <span class='ocrx_word' id='word_1_224' title='bbox 1121 3384 1157 3448; x_wconf 84' lang='grc' dir='ltr'><em>εί</em></span> 
     </span>
     <span class='ocr_line' id='line_1_28' title="bbox 137 3481 1156 3574; baseline 0.003 -24"><span class='ocrx_word' id='word_1_225' title='bbox 137 3487 201 3569; x_wconf 87' lang='grc' dir='ltr'><em>γὰρ</em></span> <span class='ocrx_word' id='word_1_226' title='bbox 221 3481 241 3568; x_wconf 87' lang='grc' dir='ltr'><em>ή</em></span> <span class='ocrx_word' id='word_1_227' title='bbox 263 3481 333 3550; x_wconf 85' lang='grc' dir='ltr'><em>άνω</em></span> <span class='ocrx_word' id='word_1_228' title='bbox 350 3482 454 3565; x_wconf 85' lang='grc' dir='ltr'><em>ἐντός,</em></span> <span class='ocrx_word' id='word_1_229' title='bbox 473 3481 494 3569; x_wconf 89' lang='grc' dir='ltr'><em>ή</em></span> <span class='ocrx_word' id='word_1_230' title='bbox 509 3486 597 3551; x_wconf 88' lang='grc' dir='ltr'><em>κάτω</em></span> <span class='ocrx_word' id='word_1_231' title='bbox 614 3487 706 3564; x_wconf 85' lang='grc' dir='ltr'><em>ἐκτος</em></span> <span class='ocrx_word' id='word_1_232' title='bbox 719 3484 774 3551; x_wconf 84' lang='grc' dir='ltr'><em>καί</em></span> <span class='ocrx_word' id='word_1_233' title='bbox 789 3481 967 3553; x_wconf 77' lang='grc' dir='ltr'><em>ἀνάπαλιν.</em></span> <span class='ocrx_word' id='word_1_234' title='bbox 993 3485 1156 3574; x_wconf 87' lang='grc' dir='ltr'><em>τοιαύτης</em></span> 
     </span>
    </p>
   </div>
   <div class='ocr_carea' id='block_1_4' title="bbox 211 3643 581 3713">
    <p class='ocr_par' dir='ltr' id='par_1_4' title="bbox 211 3643 581 3713">
     <span class='ocr_line' id='line_1_29' title="bbox 211 3643 581 3713; baseline 0.005 -16"><span class='ocrx_word' id='word_1_235' title='bbox 211 3648 267 3697; x_wconf 89' lang='lat'>100.</span> <span class='ocrx_word' id='word_1_236' title='bbox 288 3662 312 3712; x_wconf 77' lang='lat' dir='ltr'><em>p.</em></span> <span class='ocrx_word' id='word_1_237' title='bbox 388 3648 446 3697; x_wconf 85' lang='lat'>101.</span> <span class='ocrx_word' id='word_1_238' title='bbox 468 3643 581 3713; x_wconf 77' lang='lat' dir='ltr'><strong>v·(fq).</strong></span> 
     </span>
    </p>
   </div>
   <div class='ocr_carea' id='block_1_5' title="bbox 165 3784 1153 3927">
    <p class='ocr_par' dir='ltr' id='par_1_5' title="bbox 165 3784 1153 3927">
     <span class='ocr_line' id='line_1_30' title="bbox 181 3784 1153 3875; baseline 0.005 -36"><span class='ocrx_word' id='word_1_239' title='bbox 181 3852 188 3871; x_wconf 45' lang='grc'>’</span> <span class='ocrx_word' id='word_1_240' title='bbox 210 3792 250 3869; x_wconf 32' lang='grc'><em>115.</em></span> <span class='ocrx_word' id='word_1_241' title='bbox 275 3784 488 3875; x_wconf 78' lang='grc' dir='ltr'><em>διειργομένας]</em></span> <span class='ocrx_word' id='word_1_242' title='bbox 512 3784 627 3840; x_wconf 78' lang='grc' dir='ltr'><em>ΡτοοΙοι</em></span> <span class='ocrx_word' id='word_1_243' title='bbox 650 3805 677 3855; x_wconf 87' lang='lat' dir='ltr'><em>p.</em></span> <span class='ocrx_word' id='word_1_244' title='bbox 697 3791 762 3855; x_wconf 82' lang='grc'><em>357,</em></span> <span class='ocrx_word' id='word_1_245' title='bbox 784 3790 828 3853; x_wconf 74' lang='lat'><em>183</em></span> <span class='ocrx_word' id='word_1_246' title='bbox 858 3784 1072 3857; x_wconf 80' lang='grc' dir='ltr'><em>διεγειρομένας</em></span> <span class='ocrx_word' id='word_1_247' title='bbox 1091 3788 1153 3859; x_wconf 87' lang='lat' dir='ltr'><em>Vq.</em></span> 
     </span>
     <span class='ocr_line' id='line_1_31' title="bbox 165 3855 720 3927; baseline 0.002 -16"><span class='ocrx_word' id='word_1_248' title='bbox 165 3856 242 3927; x_wconf 74' lang='grc' dir='ltr'><em>απτ)</em></span> <span class='ocrx_word' id='word_1_249' title='bbox 261 3856 322 3925; x_wconf 65' lang='grc' dir='ltr'><em>λη,</em></span> <span class='ocrx_word' id='word_1_250' title='bbox 343 3876 399 3913; x_wconf 88' lang='grc' dir='ltr'><em>νπο</em></span> <span class='ocrx_word' id='word_1_251' title='bbox 419 3855 533 3912; x_wconf 78' lang='grc' dir='ltr'><em>Ριοοὶιιε</em></span> <span class='ocrx_word' id='word_1_252' title='bbox 552 3875 578 3927; x_wconf 87' lang='lat' dir='ltr'><em>p.</em></span> <span class='ocrx_word' id='word_1_253' title='bbox 597 3864 658 3923; x_wconf 75' lang='lat'><em>367,</em></span> <span class='ocrx_word' id='word_1_254' title='bbox 680 3862 720 3912; x_wconf 81' lang='lat'><em>18.</em></span> 
     </span>
    </p>
   </div>
   <div class='ocr_carea' id='block_1_6' title="bbox 0 0 1212 4236">
    <p class='ocr_par' dir='ltr' id='par_1_6' title="bbox 0 0 1212 4236">
     <span class='ocr_line' id='line_1_32' title="bbox 0 0 1212 4236; baseline 0 0"><span class='ocrx_word' id='word_1_255' title='bbox 0 0 1212 4236; x_wconf 95' lang='lat' dir='ltr'><em> </em></span> 
     </span>
    </p>
   </div>
  </div>
 </body>
</html>
