2414 4236
221 466 379 520 scnom
396 469 435 520 m
453 466 729 519 ωυυωεωοοουω
747 446 887 519 mm
899 469 921 521 1.
1009 465 1073 531 189

55 606 211 695 ἀπέφηνε
232 606 467 696 παραλλήλους
488 608 545 675 καὶ
566 605 626 688 τὰς
644 607 923 693 έπιξευγνυούσας
940 607 996 675 καὶ
1014 606 1074 688 τὰς

58 715 344 803 ἐπιζευγνυμένας.
379 713 418 782 τὸ
443 711 481 782 δὲ
502 710 569 782 ὑπὸ
591 713 813 802 παραλλήλων
836 713 1073 802 περιεχόμενον

58 822 224 909 γραμμῶν
241 819 378 902 εἰκότως
396 820 746 909 παραλληλόγραμμον
765 820 931 906 ἐκάλεσεν,
955 818 1000 900 ῶς
1017 819 1074 888 καὶ

54 926 97 996 τὸ
121 925 189 995 ὑπὸ
212 923 358 995 εὐθειῶν
381 936 542 1015 γραμμῶν
565 925 804 1015 περιεχόμενον
831 923 1074 1013 εὐθύγραμμον

58 1038 291 1122 προσείρηκεν.
346 1037 452 1120 δῆλον
485 1034 540 1119 δέ,
573 1030 624 1101 ὅτι
655 1031 693 1101 τδ
726 1032 1074 1120 παραλληλόγραμμον
1111 1055 1127 1104 σ

56 1151 160 1209 τοῦτο
185 1136 436 1227 ὁστοιχειωτὴς
455 1143 492 1208 έν
510 1139 766 1227 τετραπλεύροις
789 1140 933 1221 ἐξέθετο·
970 1149 1075 1207 ταῦτα

57 1273 124 1334 γαρ
152 1244 241 1333 μόνα
268 1244 308 1314 τά
338 1245 563 1334 τετράπλευρα
594 1243 657 1332 τήν
689 1244 862 1334 ἀκρίβειαν
894 1249 962 1315 τῶν
993 1268 1076 1332 παρ-

57 1353 215 1438 αλλήλων
237 1362 297 1438 τῆς
318 1352 446 1432 θέσεως
469 1354 692 1440 δεικνύουσιν,
716 1349 762 1432 ῶς
785 1349 802 1420 ὁ
822 1348 1077 1440 έπιστημονικὸς

57 1455 196 1527 ἀπαιτεῖ
220 1457 320 1544 λόγος
346 1456 429 1525 κατὰ
459 1457 584 1544 πάντα,
616 1455 656 1526 τά
691 1442 739 1524 δὲΙ
760 1455 859 1525 λοιπά
893 1454 935 1525 ού
967 1455 1076 1524 πάντα

58 1569 211 1652 ἔχουσιν,
234 1559 279 1643 ὡς
299 1571 436 1652 εἴρηται.
1097 1590 1130 1639 10

134 1673 207 1737 119.
236 1666 359 1738 Ἰστέον
381 1670 436 1737 καὶ
459 1680 559 1738 τοῦτο
579 1670 631 1737 έπὶ
649 1681 718 1738 τῶν
736 1669 1000 1760 τετραπλεύρων,
1025 1667 1076 1737 ότι

61 1777 117 1846 έπί
139 1775 202 1864 μὲν
219 1785 283 1844 τοῦ
300 1776 514 1863 τετραγώνου
531 1776 587 1843 καὶ
607 1778 644 1842 αί
661 1776 832 1865 διάμετροι
852 1783 921 1843 ἴσαι
938 1776 995 1844 διὰ
1014 1773 1076 1862 τὴν

63 1879 234 1970 ὀρθότητα
257 1891 327 1951 τῶν
349 1894 495 1968 γωνιῶν,
518 1882 574 1949 καὶ
597 1884 635 1948 αλ
655 1888 775 1969 γωνίαι
800 1887 876 1970 δίχα
898 1885 1076 1971 τέμνονται

62 1985 131 2057 ύπὸ
157 2000 227 2058 τῶν
256 1990 445 2077 διαμέτρων
472 1986 529 2056 διά
557 1987 621 2074 τήν
649 1989 786 2075 ίσότητα
811 1999 881 2058 τῶν
909 1997 1076 2078 πλευρῶν,

61 2094 122 2162 καὶ
144 2092 183 2163 τὸ
205 2093 352 2182 ἐμβαδὸν
371 2099 419 2173 είς
439 2101 495 2161 ίσα
515 2098 690 2180 διαιρεῖται
709 2093 791 2162 κατά
810 2093 873 2181 τήν
891 2095 1078 2182 διαγῶυιον
1098 2120 1130 2170 15

63 2198 124 2268 διά
146 2199 210 2288 τήν
231 2200 351 2289 κοινὴν
371 2203 520 2287 ἰδιότητα
538 2213 608 2269 τῶν
626 2199 991 2288 παραλληλογράμμων.
1025 2202 1077 2269 ἐπὶ

62 2306 103 2375 δὲ
120 2317 182 2376 τοῦ
202 2307 422 2396 ἑτερομήκους
436 2310 473 2374 αί
484 2306 546 2394 μέν
562 2306 733 2394 διάμετροι
748 2314 829 2390 ίσαι,
849 2307 886 2371 αλ
903 2304 940 2372 δὲ
958 2311 1078 2391 γωνίαι

61 2409 108 2480 ού
121 2413 296 2499 τέμνονται
312 2417 389 2501 δίχα
402 2411 468 2481 ὑπὸ
483 2424 552 2481 τῶν
568 2412 766 2500 διαμέτρων,
781 2408 802 2497 ἡ
818 2409 855 2478 δὲ
868 2414 937 2478 τῶν
946 2415 1079 2498 χωρίων

62 2521 114 2598 είς
141 2525 198 2585 ἴσα
231 2522 394 2605 διαίρεσις
421 2517 563 2607 ὑπάρχει
589 2518 645 2586 καὶ
672 2517 796 2610 τούτῳ,
828 2516 981 2586 καθόσον
1010 2516 1079 2585 ἐστὶ

63 2623 425 2713 παραλληλόγραμμον.
462 2626 515 2693 ἐπὶ
539 2625 576 2692 δὲ
599 2628 660 2692 τοῦ
681 2624 813 2712 ῥόμβου
831 2622 943 2693 άνισοι
961 2623 1024 2712 μέν
1044 2625 1082 2690 αί
1098 2649 1134 2700 20

62 2723 251 2818 διάμετροι,
275 2735 533 2819 διχοτομοῦνται
557 2731 594 2799 δέ
616 2728 683 2799 ὑπὸ
702 2730 831 2800 τούτων
850 2729 892 2800 ού
910 2730 1019 2819 μόνον
1038 2738 1078 2799 τὰ

63 2842 183 2926 χωρία,
206 2836 294 2906 διότι
316 2838 680 2927 παραλληλόγραμμον,
703 2836 787 2905 ἀλλὰ
810 2838 866 2905 καὶ
890 2841 928 2904 αλ
947 2843 1079 2924 γωνίαι,

65 2943 154 3012 διότι
178 2942 391 3033 ἰσόπλευρον.
428 2947 481 3013 ἐπὶ
505 2945 542 3013 δὲ
560 2949 621 3014 τοῦ
640 2947 861 3033 όομβοειδοῦς
878 2944 934 3010 καὶ
953 2947 991 3010 αί
1008 2944 1079 3012 διά-

65 3075 181 3138 μετροι
208 3048 322 3119 άνισοι
350 3048 395 3131 ῶς
422 3049 467 3138 μή
496 3049 727 3139 ὀρθογωνίου,
754 3051 810 3117 καὶ
833 3051 871 3117 αί
890 3055 1010 3135 γωνίαι
1034 3054 1081 3130 είς

63 3154 168 3224 άνισα
191 3158 368 3243 τέμνονται
392 3154 457 3225 ὑπὸ
480 3156 609 3225 τούτων
628 3156 673 3238 ῶς
691 3156 736 3244 μή
756 3155 968 3244 ἰσοπλεύρου,
991 3156 1080 3243 μόνα
1099 3179 1133 3230 25

67 3260 106 3329 δὲ
123 3261 164 3330 τά
184 3268 291 3351 χωρία
305 3269 362 3330 ίσα
376 3268 503 3349 γίνεται
517 3261 557 3331 τά
577 3262 630 3350 ἐφ’
648 3262 785 3351 ἑκάτερα
802 3266 870 3330 τῶν
889 3267 1080 3349 διαγωνίων

66 3394 114 3449 ως
144 3369 502 3457 παραλληλογράμμου.
547 3373 651 3438 ταῦτα
679 3369 741 3457 μὲν
769 3361 833 3438 οὖν
861 3376 988 3457 εἴρηται
1019 3367 1080 3455 τήν

65 3475 106 3542 έν
133 3487 205 3555 ταῖς
232 3477 414 3563 διαιρέσεσι
441 3480 509 3543 τῶν
536 3474 893 3564 παραλληλογράμμων
915 3474 1081 3564 τεττάρων

66 3578 178 3651 ὄντων
205 3579 485 3652 ύποδεικνύονται
518 3583 680 3671 διαφοραὶ
711 3586 877 3672 θεωριῶν.
925 3581 1082 3662 κάκείνας

68 3683 250 3761 *119.1’.

139 3819 182 3870 29.
200 3809 306 3885 όντων]
324 3811 369 3869 bis
386 3813 422 3881 P;
441 3814 520 3870 locus
539 3814 694 3885 corruptus.
