2414 4236
233 501 390 552 scflom
408 502 447 552 m
465 499 741 551 ELEMENTORUM
759 500 900 553 mmm
913 503 945 553 X.
1028 498 1093 563 549
1168 527 1174 541 .

79 639 161 708 ἄλλο
195 637 313 708 εὐθείᾳ
346 639 464 730 εὐθείᾳ
497 639 683 726 σύμμετρος
716 642 857 727 δυνάμει
892 639 1001 725 μόνον
1037 642 1093 708 καί

80 746 189 826 ἄλλως
212 745 330 814 εὐθεῖα
354 745 471 836 εὐθείᾳ
495 745 689 833 σύμμετρος.
734 750 835 815 τοῦτο
858 745 1092 833 γενικώτατον,

80 857 264 933 ταυτίζεται
292 852 329 921 δὲ
357 851 394 920 τὸ
420 854 529 938 λέγειν
557 851 676 920 εὐθεῖα
699 850 817 942 εὐθείᾳ
845 851 986 938 δυνάμει
1012 857 1092 928 σύμ-

80 985 199 1046 μετρος
228 962 274 1049 τῷ
305 957 449 1043 νοήματι
477 967 524 1049 τῷ
553 961 662 1043 λέγειν
690 957 803 1038 ἁπλῶς
833 956 951 1026 εὐθείᾳ
975 959 1094 1050 εὐθείᾳ

81 1065 277 1153 σύμμετρος.
589 1110 596 1119 ·
1131 1090 1147 1138 σ

410 1154 466 1218 Ad
489 1178 593 1239 prop.
617 1155 767 1221 LXVIII.

149 1280 222 1345 346.
255 1264 794 1364 *ΗΑΒῐιιεῑᾳὴΓΛι-,βϊςζ
818 1265 1093 1365 wamia,

80 1374 906 1470 ἡεεεειῖι,ἡυτξῖισ,ἡτκειῑγ.

147 1494 221 1560 347.
259 1492 327 1557 Καὶ
352 1489 396 1570 ὡς
419 1489 484 1578 ἄρα
508 1487 545 1558 τὸ
570 1488 634 1557 ὐπὸ
659 1500 717 1576 τῆς
741 1497 805 1557 ΑΒ
828 1518 858 1579 p.
878 1495 952 1575 208,
971 1493 1006 1574 5]
1036 1487 1093 1557 διὰ

80 1594 118 1664 τὸ
137 1595 192 1664 κδ’
212 1599 273 1663 τοῦ
292 1598 455 1683 πέμπτου·
478 1596 614 1683 πρώτου
628 1594 692 1684 γὰρ
706 1593 931 1676 ὑποτεθέντος
945 1600 1007 1665 τοῦ
1025 1593 1091 1664 ὐπὸ
1114 1621 1147 1670 10

79 1707 141 1770 τοῦ
160 1710 234 1787 ΕΒ,
259 1705 419 1789 δευτέρου
441 1708 502 1771 τοῦ
525 1701 591 1771 ὐπὸ
612 1712 644 1770 Α
650 1711 689 1789 Β,
712 1709 827 1789 τρίτου
849 1707 911 1770 τοῦ
930 1700 995 1772 ἆτό
1015 1709 1092 1787 ΔΖ,

79 1808 241 1897 τετάρτου
263 1813 326 1877 τοῦ
349 1808 414 1878 ἀπὸ
440 1816 517 1895 ΓΔ,
541 1811 691 1897 πέμπτον
714 1815 776 1878 τοῦ
799 1808 865 1878 ἀπὸ
890 1817 972 1894 ΑΕ,
995 1810 1094 1877 ἕκτου

78 1919 140 1982 τοῦ
159 1912 224 1983 ἀπὸ
246 1922 316 2000 ΓΖ,
341 1914 400 1984 ἐὰν
424 1920 573 2004 συντεθῇ
597 1920 731 2002 πρῶτον
754 1917 810 1983 καὶ
828 1917 987 2003 πέμπτον,
1010 1913 1094 2001 πρὸς

79 2020 241 2107 δεύτερον
263 2023 325 2089 τὸν
348 2019 453 2090 αὐτὸν
477 2025 543 2104 ἔξει
566 2021 683 2108 λόγον,
704 2024 761 2089 καὶ
784 2029 899 2109 τρίτον
922 2023 977 2089 καὶ
997 2023 1093 2090 ἕκτον

80 2126 164 2211 πρὸς
181 2128 351 2213 τέταρτον,
370 2130 426 2196 καὶ
445 2126 615 2197 ἀνάπαλιν
630 2126 669 2197 τὸ
684 2128 844 2215 δεύτερον
862 2127 947 2217 πρὸς
960 2133 1093 2216 πρῶτον
1113 2149 1146 2200 ισ

81 2233 136 2299 καὶ
164 2234 325 2318 πέμπτον
345 2233 510 2302 συντεθὲν
537 2233 598 2303 τὸν
626 2233 732 2303 αὐτὸν
759 2236 862 2320 λόγον
885 2237 950 2317 ἕξει
976 2236 1032 2302 καί
1055 2236 1093 2302 τὸ

80 2341 240 2425 τέταρτον
264 2337 346 2426 πρὸς
368 2347 483 2427 τρίτον
506 2343 562 2409 καὶ
585 2343 682 2409 ἕκτον
706 2343 879 2409 συντεθέν.

147 2449 220 2514 348.
258 2445 327 2512 Καὶ
347 2443 392 2526 ὡς
409 2446 447 2515 τὸ
467 2444 533 2516 ιἰκὸ
550 2452 609 2534 τῆς
623 2455 691 2514 ΑΕ
711 2448 795 2535 πρὸς
813 2445 850 2515 τὸ
865 2445 931 2515 ὐπὸ
946 2458 1004 2534 τῆς
1018 2454 1093 2533 ΕΒ,

81 2548 190 2630 οὕτως
211 2550 249 2619 τὸ
270 2548 335 2620 ὐπὸ
355 2564 414 2639 τῆς
429 2560 489 2621 ΓΖ
513 2554 569 2622 διὰ
594 2558 707 2642 λῆμμα
725 2554 773 2622 ια’
789 2556 828 2639 ε’,
851 2554 907 2621 καὶ
931 2555 1093 2623 συνθίντι

78 2657 135 2724 καὶ
168 2659 310 2740 ἐναλλάξ
343 2663 433 2728 ἐστιν
467 2659 512 2740 ὡς
539 2658 559 2747 ἡ
590 2663 788 2747 συγκειμένη
815 2659 900 2748 πρὸς
925 2658 988 2746 τὴν
1016 2680 1092 2746 συγ·
1111 2683 1147 2734 20

79 2766 247 2851 κειμένην,
272 2763 377 2847 οὕτως
399 2766 437 2836 τὸ
459 2765 523 2835 ἀπὸ
543 2771 603 2853 τῆς
618 2774 679 2834 ΕΒ
703 2767 786 2853 πρὸς
803 2766 841 2835 τὸ
862 2764 928 2835 ὐπὸ
943 2772 1003 2854 τῆς
1018 2775 1093 2836 ΖΔ.

81 2874 272 2959 σύμμετρον
295 2874 333 2942 δὲ
355 2873 393 2942 τὸ
417 2873 482 2941 ἀπὸ
507 2879 565 2960 τῆς
589 2880 651 2940 ΕΒ
674 2885 720 2965 τῷ
745 2871 811 2942 ἀπὸ
834 2885 892 2961 τῆς
912 2881 989 2940 ΖΔ·
1013 2873 1093 2961 σύμ·

79 3005 201 3064 μετρον
216 2980 272 3046 καὶ
286 2978 323 3048 τὸ
340 2986 559 3066 συγκείμενον
572 2984 618 3069 τῷ
634 2979 850 3070 συγκειμένῳ·
871 2979 974 3066 ῥητὸν
984 2981 1091 3049 ἐκεῖνο

80 3086 269 3154 καὶτοῦτο.

147 3195 223 3260 349.
256 3191 349 3259 Ἐπεί
369 3192 460 3259 ἐστιν
485 3188 529 3271 ὡς
551 3191 572 3278 ἡ
593 3200 662 3260 ΑΕ
682 3190 766 3276 πρὸς
787 3199 861 3277 ΕΒ,
885 3189 906 3279 ἡ
925 3199 986 3260 ΓΖ
1008 3190 1092 3277 πρὸς
1110 3212 1146 3263 26

79 3296 117 3364 τὸ
142 3304 223 3381 ΖΔ,
252 3302 311 3363 καί
332 3299 423 3364 ἐστιν
451 3293 497 3376 ὡς
520 3299 558 3366 τὸ
580 3295 646 3367 ἀπὸ
671 3309 730 3385 τῆς
752 3306 822 3367 ΑΕ
847 3298 931 3386 πρὸς
957 3298 995 3367 τὸ
1023 3297 1090 3368 ὐπὸ

78 3410 195 3487 ΑΕΒ,
229 3400 335 3482 οὕτως
363 3401 401 3472 τὸ
431 3401 496 3472 ἀπὸ
525 3408 586 3473 τοῦ
615 3411 674 3473 ΓΖ
706 3404 790 3493 πρὸς
821 3403 858 3473 τὸ
886 3403 952 3474 ὑπὸ
982 3412 1091 3490 ΓΖΔ,

149 3607 208 3655 346
229 3597 278 3656 Vb.
351 3606 412 3657 347.
431 3598 477 3655 V’.
551 3605 612 3655 348.
631 3601 678 3656 V!
752 3607 813 3658 349.
831 3600 879 3656 V&

149 3779 246 3864 4,τᾳ5]
266 3778 340 3866 (alt)
356 3777 440 3832 vav,
527 3784 571 3833 22.
590 3779 643 3866 ιμ’]
663 3776 747 3834 t6V.
823 3787 865 3837 26.
884 3779 930 3851 τό]
949 3780 1091 3851 (primum)

78 3867 129 3906 scr.
149 3847 208 3919 τήν.
282 3845 352 3921 ὐτό]
372 3846 482 3905 6n6V.
555 3834 627 3924 616]
645 3845 761 3908 &adv
