2414 4236
195 457 352 510 SCHOLIA
371 458 409 508 m
427 457 701 509 ELEMENTORUM
719 458 858 510 LIBRUM
873 459 932 512 VII.
1006 453 1073 520 365

57 605 203 686 ἔχουσαι.
237 595 298 664 τὸν
317 597 354 664 δὲ
368 596 606 684 περισσάρτιου
624 609 697 676 ταῖς
709 597 812 664 πλέον
826 598 1074 685 γονιμωτέραις,

56 704 103 794 μὴ
128 706 244 792 μέντοι
267 703 321 771 ἐπὶ
343 701 430 770 πολὺ
454 701 516 789 τὴν
538 702 689 791 πρόοδον
717 703 884 790 ἐχούσαις,
912 701 996 771 ἀλλὰ
1020 701 1070 772 ἐπ’

59 820 135 899 ίσης
162 811 201 879 τό
229 835 263 878 τε
294 806 492 895 ἀρρενωπὸν
525 810 579 877 καὶ
611 807 649 876 τδ
682 812 775 895 θῆλυ
807 809 1073 895 σωζούσαις-καλ

58 916 182 1006 μεταξὺ
210 916 327 994 οᾶσαις
354 919 422 983 τῶν
450 942 484 983 τε
513 918 719 1002 αρρενωπῶν
745 919 896 984 θεαινῶν
923 916 979 983 καὶ
1006 926 1074 983 τῶν

56 1022 330 1108 τεθηλυσμένων,
349 1023 426 1088 οἵαν
440 1020 525 1089 θεὸν
540 1022 661 1107 ἐτίμων
677 1017 852 1106 Ἀθηναῖοι
867 1017 929 1107 τὴν
945 1019 1075 1107 Ἀνησι-
1112 1043 1127 1092 5

59 1129 187 1215 δοίραν·
210 1127 423 1214 θηλυπρεπὲς
441 1127 503 1213 μὲν
522 1126 587 1213 γὰρ
610 1128 648 1194 τὸ
673 1124 755 1195 ὅλον
778 1124 920 1214 ἄγαλμα,
943 1129 1074 1213 γένειον

59 1236 98 1305 δὲ
117 1238 362 1321 προσετίθεσαν
381 1232 605 1320 αἰνιττόμενοι
624 1231 662 1300 τό
681 1259 716 1301 τε
730 1236 822 1319 θῆλυ
840 1233 895 1300 καὶ
909 1236 947 1301 τὸ
963 1230 1075 1321 ἄρρεν.

59 1344 162 1411 πάλιν
180 1340 243 1409 τὸν
262 1337 414 1425 ἀρτιάκις
433 1338 551 1426 ἄρτιον
569 1353 641 1418 ταῖς
660 1336 716 1407 διᾶ
735 1337 860 1419 παντὸς
877 1337 1076 1424 προιοίσαις

60 1457 177 1532 θεαῖς,
206 1440 281 1514 οἷον
303 1459 375 1526 ταῖς
399 1445 577 1531 ζωογόνοις
600 1444 756 1532 Δήμητρι
779 1446 834 1512 καὶ
853 1441 940 1535 Ῥέᾳ·
977 1436 1076 1513 αὗται

60 1556 115 1624 ἐπὶ
138 1552 225 1622 πολὺ
247 1557 406 1640 προίασιν
429 1554 485 1619 καὶ
509 1553 562 1620 ἐπὶ
577 1551 702 1622 πάντα.
1097 1573 1129 1621 10

130 1663 306 1745 διαιρεῖται
329 1657 370 1724 τδι
394 1655 597 1744 ἀριθμητικὰ
623 1666 669 1738 είς
691 1684 726 1726 τε
748 1660 901 1744 πρώτους
923 1658 980 1725 καὶ
999 1677 1074 1725 συν·

60 1768 186 1845 θέτονς
212 1765 266 1833 καλ
295 1763 332 1833 τὸ
357 1763 392 1850 β’
415 1769 462 1843 είς
485 1763 563 1844 τοὺς
586 1764 811 1844 ἐπιδεκτικοδς
833 1764 889 1833 καὶ
911 1761 948 1832 τὸ
973 1762 1006 1850 μ’
1031 1768 1078 1843 είς

60 1871 142 1952 τοὺς
169 1870 339 1956 στερεοᾶς,
372 1862 413 1938 οὗ
441 1869 478 1938 τὸ
507 1878 696 1939 τελευταῖον
724 1870 886 1961 θεώρημα
914 1871 1007 1957 λήγει
1031 1873 1078 1949 είς

62 1981 192 2048 τέλειον
216 1976 375 2064 ἄριθμόυ.

132 2087 161 2153 8.
196 2081 358 2170 Ἀρτιάκις
385 2081 499 2167 ἄρτιος
527 2081 674 2170 ἀριθμός
700 2085 791 2150 ἐστιν
819 2082 838 2152 ὁ
866 2081 932 2152 ὑπὸ
960 2083 1078 2169 ἀρτίου
1098 2105 1131 2153 lb

62 2186 217 2276 ἄριθμοῦ
235 2188 459 2276 μετρούμενος
473 2186 556 2256 κατά
575 2186 693 2272 ἄρτιον
712 2184 873 2274 ἄρυθμόν·
897 2187 957 2255 ἐὰν
971 2188 1078 2276 τούτῳ

62 2298 111 2387 τῷ
144 2293 212 2386 ἄρρτ
244 2299 451 2384 προσθῶμεν
477 2292 515 2361 τὸ
543 2292 655 2380 μόνως
687 2289 754 2360 ὑπὸ
781 2290 900 2377 άρτίου
928 2290 1080 2380 ἄριθμοὺ

64 2409 260 2489 μετρεῖσθαι
287 2400 370 2470 κατὰ
392 2399 510 2488 ἄρτιον
538 2398 705 2487 ἀριθμόν,
732 2402 895 2484 ποιοῦμεν
922 2397 983 2465 τὸν
1010 2402 1079 2466 τῶν

65 2512 316 2595 Πυθαγορείων
338 2506 489 2596 ἄρτιᾶκις
511 2505 630 2594 ἄρτιον
651 2504 712 2575 τὸν
736 2502 813 2592 ἄχρι
836 2502 984 2591 μονάδος
1003 2506 1080 2590 δίχα

67 2611 318 2699 διαιρούμενον,
343 2608 417 2682 οἷον
437 2611 455 2683 ὁ
475 2626 496 2699 ἦ
519 2610 584 2681 ὑπὸ
604 2610 722 2699 ἄρτίου
741 2608 891 2697 ἀριθμοῦ
914 2618 1079 2697 μετρεῖται
1098 2631 1134 2681 20

67 2823 155 2892 καθὸ
180 2837 345 2910 μετρεῖται
368 2824 429 2911 μὲν
448 2826 503 2892 καὶ
523 2822 588 2893 ὑπὸ
608 2823 728 2909 άρτίου
746 2820 817 2891 κατ’
835 2821 965 2910 ἄρτιον·
991 2823 1043 2902 δὶς
1060 2827 1081 2892 ξ

67 2929 147 3018 γάρ·
180 2927 265 2997 ἀλλὰ
284 2930 340 2996 καὶ
358 2927 424 2999 ὑπὸ
444 2935 599 3020 περιττοῦ
617 2928 700 2998 κατὰ
721 2928 849 3013 ἄρτιον·
877 2929 948 3015 τρὶς
967 2926 1030 3017 γὰρ
1050 2920 1080 2996 δ.

68 3033 219 3122 ἄρτιᾶκις
247 3033 284 3102 δὲ
311 3037 468 3120 περισσὸν
497 3039 584 3123 λέγει
608 3036 667 3104 τὸν
690 3033 756 3104 ὑπὸ
780 3033 898 3122 ἄρτίου
920 3033 1002 3102 κατὰ
1028 3058 1081 3101 πε-

69 3155 268 3166 .—-—-

140 3203 164 3252 8.
183 3157 329 3251 Pssmt.
345 3195 453 3267 (qffln).

69 3299 282 3310 .-.-.-.--

140 3343 164 3393 7.
186 3333 359 3407 ἔυιττόμενοι
378 3336 409 3391 Ρ.
490 3342 531 3390 16.
551 3332 679 3404 ἄρτιάκις
696 3366 730 3375 -
753 3341 793 3390 16.
813 3330 962 3458 ἄριθμόνρἱ
974 3351 1030 3388 om.
1051 3334 1080 3388 Ρ.

105 3417 146 3464 1ο.
167 3403 301 3477 ἄρτιᾶκης
320 3405 393 3476 vat„
412 3407 462 3462 sed
480 3424 549 3462 corr.
613 3412 654 3461 16.
674 3405 759 3476 κατά]
779 3403 852 3460 κατὰ
873 3404 922 3459 τού
968 3411 981 3458 λ
1039 3410 1081 3460 18.

67 3475 129 3551 τόν]
150 3496 205 3534 om.
224 3478 264 3532 F?
347 3483 389 3534 19.
414 3479 608 3547 Πυθαγορίοιυ
627 3475 745 3531 PBvat.
832 3471 894 3548 τόν]
914 3493 946 3530 το
964 3475 994 3541 F,
1015 3473 1081 3529 vat.

104 3573 146 3623 21.
171 3560 212 3639 ιδ]
232 3563 356 3622 δεκαδύο
375 3566 410 3636 Β,
437 3567 466 3620 ελ
484 3565 614 3621 similiter
632 3565 752 3635 saepius.
824 3562 922 3636 τοῦτο]
940 3563 1081 3619 τοῦτοκδ

69 3641 98 3694 et
117 3655 185 3693 corr.
205 3655 239 3692 ex
257 3634 307 3690 τόν
327 3636 391 3694 Vnt„
460 3633 597 3705 ἄρτιᾶκης
616 3635 680 3690 vat.
734 3631 833 3704 ἄρτιον
852 3633 927 3703 Vat„
947 3634 995 3689 sed
1009 3651 1082 3690 corr.

105 3714 148 3763 22.
167 3707 257 3779 καθὸ]
278 3709 332 3777 Bq,
352 3725 405 3764 om.
426 3707 543 3763 PFVat.
629 3706 763 3776 μετρῆται
781 3705 811 3760 P.
897 3704 970 3760 κατά
990 3704 1079 3761 PVat

105 3795 208 3869 ξμᾶρ]
226 3794 280 3867 γὰρ
299 3800 317 3854 ξ
334 3788 364 3868 ἷδ
381 3814 408 3865 q.
480 3801 523 3850 23.
543 3802 618 3863 τρεῖς
631 3795 662 3850 P.
734 3786 764 3865 δ]
783 3787 904 3864 Mem
922 3792 1015 3850 Nat„
