2414 4236
209 482 366 536 εοεοοιι
383 485 422 536 m
440 484 715 537 ωιοωωωοοιινιι
733 486 872 539 mmm
885 486 936 542 με
1009 484 1076 552 263

58 622 246 712 περιμέτρῳ
269 627 520 711 προσπίπτωσιν
539 623 606 693 ἀπό
624 650 717 705 τινος
734 630 874 712 σημείου
892 630 961 696 τῶν
982 625 1077 706 ἐντὸς

59 733 224 816 κειμένων
241 730 345 796 πᾶσαι
364 737 445 816 ίσαι,
463 728 585 809 κύκλος
603 732 702 800 ἐστίν.
739 729 784 818 μὴ
803 730 879 818 γάρ,
902 727 975 799 ἀλλ’
992 736 1075 801 ἐστω

60 832 321 923 εὐθύγραμμον,
357 841 416 903 καί
445 862 495 916 τις
526 833 633 904 αύτοῦ
664 835 807 924 πλευρά,
844 834 898 924 ἐφ’
929 838 974 924 ἣν
1012 838 1075 908 δύο

59 943 270 1031 προσέπεσον
288 938 509 1029 ἀφορίζουσαι
529 938 644 1030 αύτήν.
681 942 850 1023 ἰσοσκελὲς
867 942 934 1028 ἀρα
952 946 990 1013 τὸ
1009 949 1076 1032 τρί-

58 1074 185 1135 γωνον,
204 1047 259 1117 καί
279 1052 355 1136 δίχα
374 1049 576 1136 τετμημένης
594 1058 653 1135 τῆς
665 1050 794 1135 βάσεως
810 1047 832 1137 ἡ
847 1051 1076 1139 ἐπιζευχθεῖσα
1095 1071 1112 1120 σ

58 1152 170 1241 ὀρθὰς
201 1155 333 1242 ποιήσει
365 1159 489 1240 γωνίας
520 1154 576 1222 καὶ
608 1154 762 1222 ἐλάσσων
794 1160 885 1223 ἐσται
918 1155 1077 1245 ἑκατέρου

59 1260 212 1341 σκέλους·
236 1257 317 1348 ὅπερ
332 1258 468 1330 ἄτοπον.
503 1257 697 1330 ὑπόκεινται
715 1259 779 1348 γάρ
798 1264 903 1330 πᾶσαι
922 1263 960 1329 αί
974 1282 1074 1351 προσ-

56 1371 239 1435 πίπτουσαι
263 1373 342 1435 ἴσαι.

130 1477 181 1541 14.
199 1472 296 1540 Μετὰ
310 1477 373 1542 τοῦ
387 1471 628 1561 ἀντιστρόφου·
642 1470 702 1542 ἐάν
711 1471 776 1559 γάρ
787 1472 843 1542 διὰ
853 1486 915 1544 τοῦ
924 1475 1075 1563 κέντρου,

58 1576 103 1648 ού
126 1578 259 1659 πάντως
281 1579 366 1666 πρὸς
389 1579 497 1668 ὀρθὰς
518 1581 639 1669 τέμνει.
1095 1599 1129 1650 10

444 1849 498 1914 Ad
521 1871 626 1935 prop.
648 1847 704 1916 IV.

130 1973 180 2038 15.
209 1970 278 2036 Διά
296 1972 357 2038 τοῦ
376 1969 517 2057 κέντρου
532 1967 646 2040 ούσοῑν
661 1969 723 2040 οάκ
737 1963 781 2057 ἦν
796 1974 957 2059 ζητήσεως
970 1973 1076 2056 ἀξιον,

12 2118 16 2123 -
57 2081 91 2146 εί
112 2078 189 2163 δίχα
211 2075 393 2163 τέμνουσιν
415 2072 573 2163 ἀλλήλας·
602 2080 640 2144 τὸ
664 2075 728 2165 γάρ
752 2079 893 2165 κέντρον
917 2074 1073 2164 αύτωνὴ

59 2186 242 2271 διχοτομία.
280 2179 406 2269 ὁμοίως
427 2183 483 2249 καὶ
506 2187 537 2250 εί
558 2187 617 2269 της
640 2182 752 2270 ἑτέρας
775 2181 832 2251 διὰ
853 2186 915 2252 τοῦ
934 2184 1076 2271 κέντρου

59 2286 165 2375 οὔσης
187 2288 208 2374 ἡ
234 2288 328 2375 ἑτέρα
351 2286 396 2375 μὴ
420 2286 476 2356 διὰ
499 2292 560 2357 τοῦ
582 2290 724 2375 κέντρον
751 2295 818 2375 είη,
846 2288 898 2356 ὅτι
927 2286 968 2357 οὐ
997 2293 1075 2375 δίχα
1096 2306 1129 2358 ιο

57 2395 211 2481 τέμνεται
235 2391 256 2481 ἡ
281 2398 338 2462 δια
361 2397 423 2463 τοῦ
445 2395 596 2483 κέντρου.

436 2646 491 2711 Ad
515 2667 620 2731 prop.
643 2644 700 2711 vl.

130 2769 180 2833 16.
208 2765 302 2846 Τινὲς
315 2767 534 2853 προστιθέασι
548 2770 585 2835 τὸ
601 2766 706 2853 ἐντός,
725 2764 770 2848 ὡς
783 2770 882 2836 τοῦτο
897 2766 1076 2853 φαντάζου.

61 2872 123 2939 ἐὰν
150 2869 214 2957 γὰρ
242 2870 333 2953 ἐκτὸς
360 2871 586 2959 ἐφάπτωνται,
619 2871 680 2942 τὸν
713 2870 795 2961 ὅρον
827 2871 981 2959 ἐκφεύγει
1013 2874 1076 2941 τοῦ

60 2974 199 3061 κύκλον,
222 2984 315 3058 εἴτις
328 2983 396 3047 τῶν
411 2978 474 3046 δύο
490 3005 527 3047 το
545 2975 627 3047 αὐτὸ
645 2981 786 3067 κέντρον
805 2977 958 3066 λήψεται·
981 2974 1074 3059 ἐκτὸς
1092 3012 1128 3064 20

58 3079 125 3170 γὰρ
148 3081 280 3165 πάντως
302 3089 361 3171 τῆς
382 3090 594 3172 περιφερείας
616 3088 677 3154 τοῦ
701 3083 776 3166 ἑνὸς
799 3083 1027 3172 εὑρεθήσεται.

133 3320 174 3371 14.
194 3315 215 3370 Ρ
234 3317 427 3385 (corruptum).
502 3320 543 3370 15.
563 3313 710 3371 PBFVat.
785 3319 826 3369 1⁶.
845 3312 996 3370 PBFVat.

58 3512 61 3517 ¹
131 3535 156 3584 λ.
175 3529 266 3583 πᾶσαι
286 3528 357 3599 ἐστι]
378 3529 436 3582 ίοιιι
454 3528 542 3583 πᾶσαι
560 3527 652 3583 Nat.
711 3532 738 3581 4.
756 3522 935 3597 προσέπεσαν
952 3525 1073 3582 Ρλλεε.

96 3596 304 3670 ἀφορίζονται]
322 3595 560 3686 ἐφαρμοξέτωοαυ
577 3598 609 3653 Β.
695 3592 780 3667 αάτῆι
797 3596 839 3652 B?
925 3604 950 3653 6.
969 3598 1076 3667 γωνίας

59 3682 173 3756 ποιήσει
191 3686 285 3743 Nat.
367 3693 410 3742 12.
430 3685 471 3751 είς
489 3682 665 3742 raom.
749 3692 791 3741 14.
810 3680 1074 3758 εί]ἡΡΠεε.,ἡ
1147 3744 1156 3757 ,

58 3755 89 3814 εί
104 3758 136 3815 Β.
194 3764 235 3813 18.
255 3757 296 3821 είς
314 3754 345 3812 τὸ
365 3759 383 3818 ξ
400 3758 492 3815 Nat.
547 3754 750 3826 προστιθέασιν
769 3758 799 3812 Ρ.
858 3763 899 3813 19.
920 3752 1074 3828 ἐκφεύγειν

58 3828 81 3884 F
87 3829 152 3886 Vnt.
227 3835 269 3884 20.
290 3831 321 3884 εί
333 3829 387 3902 τις]
407 3823 467 3900 ἥτις
484 3829 508 3887 Ρ
513 3829 534 3884 F
540 3828 605 3887 Vah
678 3835 725 3886 21.
741 3824 853 3895 κακῶς
866 3826 968 3885 Πολι.
