2414 4236
188 526 345 578 SCHOLIA
363 529 401 579 IN
419 527 693 579 ELEMENTORUM
711 527 851 580 LIBRUM
864 529 938 583 vm.
1008 526 1073 593 389

55 669 112 736 καί
132 672 282 755 ἔμπαλιν.
320 665 362 734 ού
380 665 447 754 μὴν
471 663 556 734 ἀλλὰ
580 670 683 735 ταῦτα
701 667 954 757 καθολικώτερώ
972 670 1073 739 ἐστιν.

56 772 171 859 λαβών
195 773 259 862 γὰρ
282 773 363 852 τοὺς
386 770 512 859 ἄκρους
533 772 686 861 πρώτους
713 770 775 842 οὐκ
800 770 925 854 αύτούς
946 774 1074 862 μόνους

56 879 230 962 ἀποδείξαι
254 881 446 968 ἐλαχίστους
469 877 637 964 βούλεται,
662 874 748 947 ἀλλὰ
770 879 827 948 καί
850 879 929 960 τοὺς
952 882 1074 968 μέσους

56 986 171 1056 αύτών
190 984 361 1073 ιἰνύλογον
376 984 578 1074 ἐλαχίστους.
610 986 666 1052 καί
681 988 718 1053 ἐν
732 989 778 1078 τῷ
792 991 892 1076 τρίτῳ
907 986 945 1054 δὲ
958 987 1073 1074 λαβών

55 1093 134 1175 τοὺς
157 1091 280 1181 ἄκρους
304 1094 496 1179 ἐλαχίστους
519 1089 561 1159 ού
589 1090 711 1178 μόνον,
740 1089 792 1160 ὅτι
819 1096 960 1179 πρώτοι,
992 1091 1072 1163 ἀπο-
1111 1116 1127 1166 σ

58 1206 246 1286 δείκνυσιν,
279 1197 364 1267 ἀλλὰ
396 1199 452 1266 καὶ
486 1199 537 1267 ὅτι
571 1200 607 1266 οί
635 1200 731 1284 μέσοι
760 1197 873 1268 αύτών
902 1198 1074 1286 ιἰνώλοχον

58 1307 231 1394 ἐλάχιστοι.
279 1306 363 1375 ώστε
393 1302 448 1373 διὰ
479 1304 540 1391 μὲν
568 1308 636 1374 τῶν
660 1306 869 1393 εἰλημμένον
893 1308 1075 1395 ἐλαχίστων

57 1412 113 1478 καί
136 1411 215 1491 τοὺς
233 1409 278 1498 μὴ
299 1412 518 1498 εἰλημμένους
537 1413 730 1499 ἐλαχίστους
746 1414 896 1480 δείκνυσι
914 1413 1075 1502 πρώτους,

58 1517 114 1587 διὰ
152 1517 190 1586 δέ
225 1528 293 1586 τών
330 1519 538 1605 εἰλημμένων
575 1519 718 1603 πρώτων
753 1518 809 1585 καί
841 1517 922 1598 τοὺς
953 1520 1076 1607 μέσους

60 1625 279 1712 εἰλημμένους
305 1623 458 1709 πρώτους
487 1627 660 1692 δείκνυσιν
691 1627 893 1712 ἐλαχίστους.
940 1625 1075 1706 εἰκότως
1094 1649 1128 1698 10

57 1730 123 1818 ἄρα
148 1728 210 1800 ούκ
232 1728 382 1817 ἠρκέσθη
407 1732 547 1809 ἐκείνοις
570 1728 697 1817 μόνοις.

439 1927 495 1992 Ad
517 1949 621 2012 prop.
644 1927 701 1993 IV.

127 2053 157 2117 ὃ.
191 2045 408 2116 Ὁποσωνοῦν
438 2052 537 2133 δηλοῖ
570 2048 607 2115 τὸ
640 2047 808 2137 διάφορον
841 2048 1014 2137 ἡμιολίου,
1047 2056 1079 2120 εἰ

59 2156 165 2242 τύχοι,
188 2155 244 2221 καὶ
268 2156 436 2240 ἐπιτρίτου
459 2155 515 2221 καὶ
536 2153 750 2240 έπιτετύρτου
772 2155 828 2222 καί
848 2157 999 2225 ἐπιέκτου
1020 2158 1076 2226 καί

61 2259 286 2347 ὁσωνὸήποτε.
314 2249 408 2326 οὗτοι
423 2251 487 2327 ούν
503 2262 539 2327 οί
550 2259 647 2345 λόγοι
660 2261 907 2347 κεχωρισμένοι.
935 2262 1077 2342 τούτους
1097 2283 1130 2333 15

59 2366 139 2447 τούς
167 2365 289 2451 λόγους
320 2363 508 2453 διαφόρους
534 2391 570 2432 τε
598 2363 699 2446 ὄντας
727 2365 783 2432 καί
813 2369 1078 2454 κεχωρισμένους

59 2474 217 2560 βούλεται
240 2484 390 2559 συνεχεῖς
418 2472 473 2539 καί
498 2471 705 2560 ἀχωρίστους
730 2474 834 2553 δεῖξαι
858 2477 995 2559 ἔχοντας
1017 2471 1077 2540 τὸν

61 2579 166 2650 αὐτὸν
198 2578 302 2665 λόγον
334 2591 404 2658 τοῖς
443 2581 577 2646 δοθεῖσι
614 2580 873 2666 κεχωρισμένως.
933 2571 1008 2646 οἷον
1041 2579 1078 2648 ἐν

59 2685 202 2777 ἡμιολίῳ
231 2685 293 2772 μέν
316 2682 334 2752 ὁ
359 2689 380 2769 χ
406 2682 490 2772 πρὸς
512 2684 573 2753 τὸν
596 2678 633 2771 β’,
662 2686 698 2753 ἐν
728 2687 880 2776 ἐπιτρίτῳ
905 2682 923 2753 ὁ
944 2677 971 2752 τί
994 2688 1079 2771 πρὸς

59 2793 121 2861 τὸν
145 2797 181 2878 η,
214 2793 251 2859 έν
279 2791 477 2881 ἐπιτετάρτμ
508 2788 568 2860 ὀὲ
596 2789 681 2876 πρὸς
702 2791 762 2860 τὸν
783 2784 816 2858 ἶλ.
861 2790 990 2860 τούτων
1014 2783 1077 2859 οὖν
1096 2814 1133 2863 20

62 2896 168 2978 οὕτως
200 2899 346 2986 ἐχόντων
380 2901 531 2967 δείκνυσι
563 2898 642 2978 τούς
674 2898 798 2984 λόγους
829 2896 969 2977 τούτους
1001 2917 1079 2967 συν·

62 3006 230 3092 ημμένους
252 3005 308 3073 καί
331 3002 539 3092 ἀχωρίστους
567 3003 682 3091 ὄντας,
710 3002 755 3084 ὡς
777 3001 990 3094 ιὑπόκεινται,
1019 3002 1037 3073 ὁ
1062 3010 1078 3086 ξ

61 3104 326 3199 ὁμὸλὸἣ.

129 3222 159 3286 6.
190 3215 308 3286 Ἔστιν
337 3216 402 3304 ἄρα
431 3214 476 3297 ὡς
500 3214 518 3285 ὁ
543 3227 575 3285 Α
602 3217 686 3304 πρὸς
713 3215 773 3286 τὸν
796 3224 841 3304 Β,
874 3215 980 3297 οὕτως
1008 3215 1026 3285 ὁ
1050 3224 1080 3286 Θ

61 3323 146 3412 πρὸς
163 3322 223 3392 τὸν
237 3330 277 3390 Η
294 3349 325 3411 p.
340 3326 416 3410 280,
430 3326 531 3407 6-7]
557 3319 577 3411 ἢ
598 3320 655 3391 διὰ
673 3321 733 3391 τὸν
753 3321 836 3410 ὅρον
858 3324 914 3392 καί
937 3321 1079 3406 ἐναλλὰξ
1098 3343 1132 3396 25

61 3427 83 3515 ἢ
113 3429 169 3499 διὰ
198 3429 259 3498 τὸν
287 3428 371 3516 ὅρον
402 3430 457 3497 καί
486 3427 655 3498 ἀνάπαλιν
687 3425 708 3516 ἢ
738 3428 793 3497 διὰ
821 3429 860 3498 τὸ
887 3433 929 3512 ιζ’
952 3433 1014 3498 τοῦ
1039 3427 1079 3516 ζ’,

61 3552 275 3559 ›——--..-q-—

135 3598 159 3645 ὁ.
179 3589 244 3658 V⁸q
263 3589 318 3659 (1³¹,
338 3586 557 3659 b⁸.02000600v).
631 3595 656 3644 6.
676 3587 795 3658 V·q(1).

136 3737 160 3787 8.
180 3734 326 3788 δείκνυσιν
346 3731 438 3788 BVat.
523 3737 547 3786 9.
567 3730 682 3802 μέσους]
703 3731 785 3786 scrib.
805 3730 852 3801 μή.
936 3738 978 3787 15.
998 3726 1080 3786 ὅσον·

63 3801 170 3873 δήποτε
192 3821 219 3872 q.
296 3809 340 3858 22.
360 3799 447 3857 καλοί
467 3802 612 3874 ωρίστους]
633 3818 688 3857 om.
709 3820 735 3871 q.
815 3807 858 3859 νο.
878 3797 1019 3874 ivan&
1028 3803 1084 3857 τοί)

66 3871 186 3939 ἐναλλάξ
206 3893 230 3943 q.
304 3879 346 3929 26.
367 3872 412 3946 τί]
463 3881 490 3946 λ,
509 3872 561 3930 τόν
581 3892 608 3947 q.
