2414 4236
116 511 159 574 24
483 509 684 564 mommsen
702 504 753 562 ιδ’.

116 649 182 719 ὑπὸ
206 658 278 737 ΒΘ,
298 658 374 719 AH
391 648 475 737 πρὸς
497 650 535 719 τὸ
559 647 625 719 ὑπὸ
646 656 767 737 MA,
791 647 899 730 οὕτως
920 646 942 736 ἡ
962 655 1025 717 ΒΘ
1046 647 1130 736 πρὸς

114 757 178 843 τήν
198 763 280 824 ΔΗ.
316 756 372 823 καὶ
396 753 441 836 ὡς
464 754 529 842 άρα
553 754 684 824 δώδεκα
707 758 746 823 αἰ
760 762 822 823 ΘΒ
844 753 929 843 πρὸς
947 762 1052 823 εἰκοσι
1069 754 1130 835 τὰς

117 869 205 947 ΔΗ,
230 860 336 942 οὕτως
360 861 492 930 δοίδεκα
514 861 711 947 πεντάγωνα
733 858 817 947 πρὸς
839 868 945 930 εἰκοσι
967 866 1126 948 τρίγωνα,

117 969 288 1036 τουτέστιν
311 965 332 1055 ή
351 972 413 1036 τοῦ
433 968 667 1053 δωδεκαέδρου
686 967 864 1055 ἐπιφάνεια
882 964 967 1052 πρὸς
984 966 1046 1054 τήν
1063 972 1126 1036 τοῦ

81 1101 97 1148 5
117 1075 342 1162 εἰκοσαέδρου.
378 1081 438 1141 καί
458 1078 522 1142 εἰσι
541 1073 672 1141 δοίδεκα
690 1073 752 1161 μὲν
770 1077 809 1141 αἰ
820 1080 883 1142 ΒΘ
902 1074 982 1142 δέκα
1000 1076 1039 1141 αἰ
1050 1081 1126 1142 ΒΓ·

116 1179 136 1266 ή
161 1180 222 1266 μέν
245 1180 311 1267 γὰρ
335 1188 398 1248 ΒΘ
419 1185 479 1267 τῆς
501 1185 568 1248 ΘΓ
586 1183 655 1248 ἐστι
673 1183 855 1268 πενταπλῆ,
878 1177 900 1267 ή
923 1179 963 1248 δὲ
986 1186 1053 1249 ΒΓ
1070 1185 1129 1266 τής

116 1292 183 1354 ΘΓ
201 1289 292 1355 ἐστιν
316 1288 448 1373 έξαπλή.
484 1290 518 1368 ἓξ
542 1284 608 1372 ἄρα
631 1288 669 1353 αἰ
684 1293 749 1354 ΒΘ
771 1294 841 1355 ἰσαι
861 1287 927 1354 εἰσί
944 1287 1042 1355 πέντε
1057 1300 1129 1366 ταῖς

116 1400 185 1462 ΒΓ.
236 1394 291 1460 καί
323 1393 363 1461 τὰ
396 1391 555 1460 διπλάσια
588 1393 634 1461 δέ.
688 1400 795 1461 εἰκοσι
823 1391 861 1460 δὲ
889 1395 927 1460 σιί
947 1399 1026 1461 ΔΗ
1048 1394 1128 1460 δέκα

118 1498 203 1567 εἰσίν
230 1502 268 1566 αἰ
290 1505 379 1566 ΔΜ·
417 1502 517 1584 διπλή
545 1496 608 1584 γὰρ
636 1494 657 1585 ή
682 1506 762 1565 ΔΜ
786 1501 845 1584 τῆς
868 1505 950 1567 ΔΗ.
995 1497 1040 1578 ὡς
1062 1497 1128 1586 ἄρα

64 1631 98 1679 10
119 1606 199 1672 δέκα
223 1609 260 1672 αἰ
281 1611 346 1673 ΒΓ
365 1602 447 1690 πρὸς
470 1605 550 1671 δέκα
572 1602 633 1683 τὰς
655 1611 748 1691 ΔΜ,
770 1601 878 1684 οὕτως
900 1601 922 1691 ή
944 1609 1005 1674 τοῦ
1028 1608 1130 1673 δωδε-

116 1712 261 1799 καέδρου
293 1709 471 1796 ἐπιφάνεια
502 1709 587 1796 πρὸς
616 1707 679 1797 τήν
710 1714 774 1779 τοῦ
811 1712 1028 1798 εἰκοσαέδρου
1060 1713 1128 1779 έπι-

117 1818 272 1904 φάνειαυ.
316 1823 375 1884 καί
400 1819 491 1885 ἐστιν
515 1813 536 1903 ή
560 1816 622 1903 μὲν
644 1821 712 1885 ΒΓ
730 1813 752 1904 ή
774 1820 836 1885 τοῦ
858 1815 967 1902 κύβου
988 1815 1127 1902 πλευρά,

116 1923 136 2009 ἡ
171 1923 208 1990 δέ
236 1930 320 1990 ΔΜ
347 1920 368 2009 ή
401 1926 461 1990 τοῦ
493 1923 719 2008 εἰκοσαέδρου.
764 1924 820 1991 καί
848 1918 895 2002 ὡς
922 1918 988 2008 ἄρα
1014 1919 1035 2008 ή
1066 1926 1130 1989 τοῦ

117 2031 351 2114 δωδεκαέδρου
391 2028 566 2115 ἐπιφάνεια
603 2027 687 2115 πρὸς
721 2027 783 2114 τήν
814 2030 876 2096 τοῦ
913 2029 1129 2112 εἰκοσαέδρου

64 2163 97 2212 15
116 2136 325 2219 ἐπιφάνειαν,
350 2132 498 2222 οὕτωςή
525 2142 592 2203 ΒΓ
611 2132 695 2219 πρὸς
717 2132 779 2220 τήν
802 2141 890 2219 ΔΜ,
914 2135 1084 2202 τουτέστιν
1107 2133 1128 2220 ἡ

115 2245 177 2308 τοῦ
198 2240 306 2326 κύβου
323 2242 451 2329 πλευρὰ
470 2239 553 2326 πρὸς
571 2240 634 2327 τήν
653 2250 714 2308 τοῦ
733 2241 949 2327 εἰκοσαέδρου
971 2240 1130 2327 πλευράν.

183 2349 342 2416 Δεικτέον
367 2347 424 2433 δή,
454 2345 505 2414 ὅτι
532 2347 587 2413 καί
611 2344 748 2425 εὐθείας
775 2349 1024 2429 οἰασδηποτοῦν
1052 2372 1130 2432 τμη-

115 2459 232 2540 θείσης
255 2453 360 2540 άκρον
383 2454 438 2521 καί
462 2455 566 2539 μέσον
594 2452 713 2538 λόγου,
742 2448 787 2530 ὡς
814 2456 879 2537 ἔχει
906 2448 926 2537 ή
959 2454 1129 2537 δυναμένη

115 2559 152 2627 τὸ
181 2558 246 2627 άπὸ
274 2565 332 2644 τῆς
356 2558 436 2644 ὅλης
462 2559 518 2625 καί
546 2556 583 2624 τὸ
613 2555 678 2623 άπὸ
706 2566 768 2623 τοῦ
791 2562 942 2642 μείζονος
964 2557 1131 2645 τμήματος

64 2694 98 2742 20
117 2664 200 2751 πρὸς
222 2663 284 2749 τὴν
309 2665 501 2750 δυναμένην
525 2665 561 2731 τὸ
585 2661 651 2731 άπὸ
676 2667 734 2750 τής
757 2661 836 2749 ὅλης
854 2665 909 2731 καί
927 2662 964 2731 τὸ
984 2662 1049 2732 άπὸ
1069 2673 1130 2731 τοῦ

116 2771 298 2848 ἐλάσσονος
324 2772 505 2856 τμήματος,
538 2781 662 2838 τοῦτον
694 2775 760 2857 ἔχει
792 2771 853 2838 τὸν
885 2772 988 2856 λόγον
1020 2769 1041 2857 ἡ
1070 2775 1131 2838 τοῦ

116 2877 225 2963 κύβου
248 2875 374 2964 πλευρά
398 2876 483 2963 πρὸς
505 2875 567 2962 τήν
590 2881 651 2946 τοῦ
675 2881 893 2964 εἰκοσαέδρου
914 2875 1071 2962 πλευράν.

184 2990 265 3051 ἔστω
282 2982 299 3050 ὁ
314 2983 574 3071 περιλαμβάνων
588 2985 710 3064 κύκλος
723 2983 761 3052 τό
772 3010 807 3051 τε
822 2987 883 3051 τοῦ
897 2985 1131 3066 δωδεκαέδρου

116 3089 331 3177 πεντάγωνον
355 3091 410 3158 καί
433 3090 470 3158 τὸ
495 3102 557 3158 τοῦ
577 3093 794 3177 εἰκοσαέδρου
812 3096 978 3176 τρίγωνον
997 3100 1065 3156 τῶν
1085 3093 1132 3168 εἰς

62 3223 96 3271 25
116 3197 178 3284 τὴν
193 3195 298 3284 αὐτήν
313 3210 462 3283 σφαῖραν
476 3199 737 3284 ἐγγραφομένων
752 3194 814 3265 ὁΑ
819 3203 893 3281 ΘΒ,
907 3197 962 3264 καί
977 3194 1131 3282 εἰλήφθω

192 3365 214 3410 1.
235 3354 307 3428 ὑπό]
327 3356 453 3425 (amm.
473 3362 489 3409 2
509 3355 542 3410 V.
625 3357 727 3427 ΔΗΑ]
748 3359 821 3421 ΔΗ,
841 3361 896 3410 HA
919 3375 937 3410 v
957 3359 987 3410 et
1005 3374 1040 3410 m.
1060 3361 1076 3408 2
1096 3355 1130 3408 V.

153 3425 258 3498 οὕτως]
279 3445 332 3482 om.
352 3425 465 3481 PBVv.
547 3433 572 3482 2.
591 3424 660 3498 τήν]
680 3445 734 3483 om.
753 3426 867 3482 Pssvv.
954 3423 1131 3547 δώδεκαήιιβ

118 3515 186 3586 σαντ’.
207 3514 241 3552 ex
260 3500 299 3585 ηδ
315 3498 348 3553 V.
383 3566 389 3584 Ι
423 3497 492 3568 ΘΒ]
512 3499 565 3551 ΒΘ
583 3498 732 3552 Friedlein.
806 3505 830 3553 b.
850 3497 922 3569 εἰσι]
943 3494 1002 3551 ἐστι
1020 3495 1069 3548 ΡΒ
1106 3514 1131 3550 v.

117 3567 613 3708 εεέὲδιῖέιιδεκῖσῗδῇδῗεεεἰ]
641 3569 707 3710 Biz]
715 3570 791 3710 1⁶⁰3
807 3568 919 3693 {isam
931 3566 1050 3691 δορᾷ]
1066 3567 1132 3723 εἰδῇ

118 3708 189 3765 εἰσιν
209 3708 268 3773 ΡΒ,
288 3707 359 3763 εἰσίν
379 3709 432 3764 εἰσι
451 3728 477 3763 v.
541 3708 638 3781 πέντε]
657 3711 730 3765 δέκα
748 3708 862 3764 PBVv.
927 3713 952 3764 8.
971 3707 1131 3842 καί-ὁεή

118 3798 172 3835 om.
189 3779 300 3834 PBVv.
374 3780 476 3851 εἰκοσι]
497 3777 530 3834 αἰ
546 3783 636 3836 εἰκοσι
655 3782 691 3836 Μ.
764 3775 982 3850 αἰ]ήΡΒῩο.
1047 3775 1117 3831 δέκα

113 3850 148 3903 δὲ
168 3853 226 3903 καί
237 3849 299 3904 ΡΒ.
376 3857 400 3907 9.
420 3849 502 3922 εἰσίν]
522 3868 577 3908 om.
596 3853 626 3907 Β.
698 3847 765 3923 γάρ]
784 3849 841 3922 ἄρα
859 3849 913 3906 Bv.
989 3855 1029 3903 10.
1049 3848 1132 3918 δέκα]
