<?xml version="1.0" encoding="UTF-8"?>
<!DOCTYPE html PUBLIC "-//W3C//DTD XHTML 1.0 Transitional//EN"
    "http://www.w3.org/TR/xhtml1/DTD/xhtml1-transitional.dtd">
<html xmlns="http://www.w3.org/1999/xhtml" xml:lang="en" lang="en">
 <head>
  <title>
</title>
<meta http-equiv="Content-Type" content="text/html;charset=utf-8" />
  <meta name='ocr-system' content='tesseract 3.04.00' />
  <meta name='ocr-capabilities' content='ocr_page ocr_carea ocr_par ocr_line ocrx_word'/>
</head>
<body>
  <div class='ocr_page' id='page_1' title='image "./euclidisoperaom10unkngoog_0130.png"; bbox 0 0 2414 4236; ppageno 0'>
   <div class='ocr_carea' id='block_1_1' title="bbox 67 1389 1082 3281">
    <p class='ocr_par' dir='ltr' id='par_1_1' title="bbox 67 1389 1082 3281">
     <span class='ocr_line' id='line_1_1' title="bbox 133 1389 1082 1478; baseline 0.008 -24"><span class='ocrx_word' id='word_1_1' title='bbox 133 1389 296 1455; x_wconf 80' lang='lat' dir='ltr'><strong>Basilides</strong></span> <span class='ocrx_word' id='word_1_2' title='bbox 321 1389 451 1476; x_wconf 83' lang='lat' dir='ltr'><strong>Tyrius,</strong></span> <span class='ocrx_word' id='word_1_3' title='bbox 474 1392 520 1456; x_wconf 94' lang='lat' dir='ltr'><strong>mi</strong></span> <span class='ocrx_word' id='word_1_4' title='bbox 544 1390 730 1478; x_wconf 84' lang='lat' dir='ltr'><strong>Protarcho,</strong></span> <span class='ocrx_word' id='word_1_5' title='bbox 754 1417 826 1459; x_wconf 89' lang='lat' dir='ltr'><strong>oum</strong></span> <span class='ocrx_word' id='word_1_6' title='bbox 851 1396 1082 1462; x_wconf 79' lang='lat' dir='ltr'><strong>Alexandriam</strong></span> 
     </span>
     <span class='ocr_line' id='line_1_2' title="bbox 70 1497 1082 1586; baseline 0.007 -25"><span class='ocrx_word' id='word_1_7' title='bbox 70 1497 215 1561; x_wconf 88' lang='lat' dir='ltr'><strong>uenisset</strong></span> <span class='ocrx_word' id='word_1_8' title='bbox 235 1504 268 1561; x_wconf 89' lang='lat' dir='ltr'><strong>et</strong></span> <span class='ocrx_word' id='word_1_9' title='bbox 284 1498 372 1580; x_wconf 91' lang='lat' dir='ltr'><strong>patri</strong></span> <span class='ocrx_word' id='word_1_10' title='bbox 386 1519 457 1562; x_wconf 89' lang='lat' dir='ltr'><strong>meo</strong></span> <span class='ocrx_word' id='word_1_11' title='bbox 472 1500 559 1563; x_wconf 85' lang='lat' dir='ltr'><strong>esset</strong></span> <span class='ocrx_word' id='word_1_12' title='bbox 574 1500 826 1579; x_wconf 87' lang='lat' dir='ltr'><strong>commendatus,</strong></span> <span class='ocrx_word' id='word_1_13' title='bbox 845 1506 980 1586; x_wconf 87' lang='lat' dir='ltr'><strong>propter</strong></span> <span class='ocrx_word' id='word_1_14' title='bbox 998 1525 1082 1568; x_wconf 85' lang='lat' dir='ltr'><strong>oom-</strong></span> 
     </span>
     <span class='ocr_line' id='line_1_3' title="bbox 71 1602 1081 1690; baseline 0.005 -23"><span class='ocrx_word' id='word_1_15' title='bbox 71 1625 167 1668; x_wconf 91' lang='lat' dir='ltr'><strong>mune</strong></span> <span class='ocrx_word' id='word_1_16' title='bbox 192 1602 440 1669; x_wconf 79' lang='lat' dir='ltr'><strong>mathematicos</strong></span> <span class='ocrx_word' id='word_1_17' title='bbox 464 1605 607 1670; x_wconf 91' lang='lat' dir='ltr'><strong>studium</strong></span> <span class='ocrx_word' id='word_1_18' title='bbox 626 1607 784 1670; x_wconf 87' lang='lat' dir='ltr'><strong>maiorem</strong></span> <span class='ocrx_word' id='word_1_19' title='bbox 808 1609 1081 1690; x_wconf 83' lang='lat' dir='ltr'><strong>peregrinationis</strong></span> 
     </span>
     <span class='ocr_line' id='line_1_4' title="bbox 69 1710 1081 1796; baseline 0.001 -22"><span class='ocrx_word' id='word_1_20' title='bbox 69 1714 196 1794; x_wconf 84' lang='lat' dir='ltr'><strong>partem</strong></span> <span class='ocrx_word' id='word_1_21' title='bbox 230 1732 304 1775; x_wconf 90' lang='lat' dir='ltr'><strong>cum</strong></span> <span class='ocrx_word' id='word_1_22' title='bbox 338 1733 375 1775; x_wconf 89' lang='lat' dir='ltr'><strong>eo</strong></span> <span class='ocrx_word' id='word_1_23' title='bbox 408 1710 504 1796; x_wconf 87' lang='lat' dir='ltr'><strong>degit.</strong></span> <span class='ocrx_word' id='word_1_24' title='bbox 556 1713 612 1796; x_wconf 92' lang='lat' dir='ltr'><strong>qui</strong></span> <span class='ocrx_word' id='word_1_25' title='bbox 640 1734 739 1796; x_wconf 91' lang='lat' dir='ltr'><strong>quum</strong></span> <span class='ocrx_word' id='word_1_26' title='bbox 766 1712 853 1776; x_wconf 84' lang='lat' dir='ltr'><strong>forte</strong></span> <span class='ocrx_word' id='word_1_27' title='bbox 886 1712 1006 1776; x_wconf 91' lang='lat' dir='ltr'><strong>librum</strong></span> <span class='ocrx_word' id='word_1_28' title='bbox 1040 1713 1081 1776; x_wconf 93' lang='lat' dir='ltr'><strong>ab</strong></span> 
     </span>
     <span class='ocr_line' id='line_1_5' title="bbox 72 1816 1081 1900; baseline 0.002 -20"><span class='ocrx_word' id='word_1_29' title='bbox 72 1816 249 1900; x_wconf 85' lang='lat' dir='ltr'><strong>Apollonio</strong></span> <span class='ocrx_word' id='word_1_30' title='bbox 273 1816 311 1880; x_wconf 92' lang='lat' dir='ltr'><strong>de</strong></span> <span class='ocrx_word' id='word_1_31' title='bbox 331 1818 574 1900; x_wconf 86' lang='lat' dir='ltr'><strong>comparatione</strong></span> <span class='ocrx_word' id='word_1_32' title='bbox 598 1816 788 1882; x_wconf 88' lang='lat' dir='ltr'><strong>dodeoaedri</strong></span> <span class='ocrx_word' id='word_1_33' title='bbox 813 1821 846 1881; x_wconf 89' lang='lat' dir='ltr'><strong>et</strong></span> <span class='ocrx_word' id='word_1_34' title='bbox 869 1817 1027 1883; x_wconf 88' lang='lat' dir='ltr'><strong>icosaedri</strong></span> <span class='ocrx_word' id='word_1_35' title='bbox 1047 1820 1081 1882; x_wconf 94' lang='lat' dir='ltr'><strong>in</strong></span> 
     </span>
     <span class='ocr_line' id='line_1_6' title="bbox 69 1921 1080 2008; baseline 0.002 -22"><span class='ocrx_word' id='word_1_36' title='bbox 69 1922 180 1987; x_wconf 88' lang='lat' dir='ltr'><strong>eadem</strong></span> <span class='ocrx_word' id='word_1_37' title='bbox 205 1921 346 2006; x_wconf 89' lang='lat' dir='ltr'><strong>sphaera</strong></span> <span class='ocrx_word' id='word_1_38' title='bbox 370 1923 618 2008; x_wconf 77' lang='lat' dir='ltr'><strong>inscriptorum,</strong></span> <span class='ocrx_word' id='word_1_39' title='bbox 641 1945 815 2008; x_wconf 88' lang='lat' dir='ltr'><strong>quamnam</strong></span> <span class='ocrx_word' id='word_1_40' title='bbox 839 1925 982 1990; x_wconf 84' lang='lat' dir='ltr'><strong>interae</strong></span> <span class='ocrx_word' id='word_1_41' title='bbox 1006 1946 1080 2008; x_wconf 94' lang='lat' dir='ltr'><strong>pro-</strong></span> 
     </span>
     <span class='ocr_line' id='line_1_7' title="bbox 67 2029 1080 2116; baseline 0.001 -23"><span class='ocrx_word' id='word_1_42' title='bbox 67 2029 252 2112; x_wconf 79' lang='lat' dir='ltr'><strong>portionem</strong></span> <span class='ocrx_word' id='word_1_43' title='bbox 271 2029 423 2114; x_wconf 77' lang='lat' dir='ltr'><strong>habeant,</strong></span> <span class='ocrx_word' id='word_1_44' title='bbox 442 2031 662 2116; x_wconf 88' lang='lat' dir='ltr'><strong>conscriptum</strong></span> <span class='ocrx_word' id='word_1_45' title='bbox 681 2031 911 2114; x_wconf 86' lang='lat' dir='ltr'><strong>examinarent,</strong></span> <span class='ocrx_word' id='word_1_46' title='bbox 931 2031 994 2096; x_wconf 90' lang='lat' dir='ltr'><strong>hoo</strong></span> <span class='ocrx_word' id='word_1_47' title='bbox 1013 2053 1080 2095; x_wconf 93' lang='lat' dir='ltr'><strong>non</strong></span> 
     </span>
     <span class='ocr_line' id='line_1_8' title="bbox 68 2135 1079 2221; baseline 0.001 -22"><span class='ocrx_word' id='word_1_48' title='bbox 68 2138 154 2200; x_wconf 88' lang='lat' dir='ltr'><strong>recte</strong></span> <span class='ocrx_word' id='word_1_49' title='bbox 178 2135 391 2218; x_wconf 85' lang='lat' dir='ltr'><strong>Apollonium</strong></span> <span class='ocrx_word' id='word_1_50' title='bbox 419 2138 608 2221; x_wconf 83' lang='lat' dir='ltr'><strong>exposuisse</strong></span> <span class='ocrx_word' id='word_1_51' title='bbox 637 2142 844 2220; x_wconf 85' lang='lat' dir='ltr'><strong>censuerunt,</strong></span> <span class='ocrx_word' id='word_1_52' title='bbox 877 2137 940 2221; x_wconf 90' lang='lat' dir='ltr'><strong>ipsi</strong></span> <span class='ocrx_word' id='word_1_53' title='bbox 970 2142 1079 2201; x_wconf 88' lang='lat' dir='ltr'><strong>antem</strong></span> 
     </span>
     <span class='ocr_line' id='line_1_9' title="bbox 69 2240 1080 2327; baseline 0 -22"><span class='ocrx_word' id='word_1_54' title='bbox 69 2240 150 2306; x_wconf 86' lang='lat' dir='ltr'><strong>baec</strong></span> <span class='ocrx_word' id='word_1_55' title='bbox 173 2240 343 2305; x_wconf 91' lang='lat' dir='ltr'><strong>emendate</strong></span> <span class='ocrx_word' id='word_1_56' title='bbox 366 2247 596 2326; x_wconf 86' lang='lat' dir='ltr'><strong>exposuerunt,</strong></span> <span class='ocrx_word' id='word_1_57' title='bbox 619 2243 705 2307; x_wconf 88' lang='lat' dir='ltr'><strong>sicut</strong></span> <span class='ocrx_word' id='word_1_58' title='bbox 723 2266 742 2307; x_wconf 91' lang='lat' dir='ltr'><strong>a</strong></span> <span class='ocrx_word' id='word_1_59' title='bbox 764 2248 858 2327; x_wconf 91' lang='lat' dir='ltr'><strong>patre</strong></span> <span class='ocrx_word' id='word_1_60' title='bbox 876 2264 949 2308; x_wconf 93' lang='lat' dir='ltr'><strong>meo</strong></span> <span class='ocrx_word' id='word_1_61' title='bbox 968 2242 1080 2307; x_wconf 88' lang='lat' dir='ltr'><strong>audire</strong></span> 
     </span>
     <span class='ocr_line' id='line_1_10' title="bbox 67 2346 1080 2432; baseline 0 -21"><span class='ocrx_word' id='word_1_62' title='bbox 67 2346 195 2412; x_wconf 79' lang='lat' dir='ltr'><strong>licebat</strong></span> <span class='ocrx_word' id='word_1_63' title='bbox 228 2367 289 2431; x_wconf 86' lang='lat' dir='ltr'><strong>ego</strong></span> <span class='ocrx_word' id='word_1_64' title='bbox 309 2368 386 2411; x_wconf 92' lang='lat' dir='ltr'><strong>uero</strong></span> <span class='ocrx_word' id='word_1_65' title='bbox 405 2352 519 2431; x_wconf 86' lang='lat' dir='ltr'><strong>postea</strong></span> <span class='ocrx_word' id='word_1_66' title='bbox 539 2349 573 2411; x_wconf 95' lang='lat' dir='ltr'><strong>in</strong></span> <span class='ocrx_word' id='word_1_67' title='bbox 592 2349 692 2413; x_wconf 92' lang='lat' dir='ltr'><strong>alium</strong></span> <span class='ocrx_word' id='word_1_68' title='bbox 710 2349 830 2413; x_wconf 91' lang='lat' dir='ltr'><strong>librum</strong></span> <span class='ocrx_word' id='word_1_69' title='bbox 849 2348 889 2411; x_wconf 90' lang='lat' dir='ltr'><strong>ab</strong></span> <span class='ocrx_word' id='word_1_70' title='bbox 906 2348 1080 2432; x_wconf 82' lang='lat' dir='ltr'><strong>Apollonio</strong></span> 
     </span>
     <span class='ocr_line' id='line_1_11' title="bbox 67 2453 1080 2539; baseline 0.001 -22"><span class='ocrx_word' id='word_1_71' title='bbox 67 2453 190 2517; x_wconf 89' lang='lat' dir='ltr'><strong>editum</strong></span> <span class='ocrx_word' id='word_1_72' title='bbox 214 2453 327 2536; x_wconf 90' lang='lat' dir='ltr'><strong>incidi,</strong></span> <span class='ocrx_word' id='word_1_73' title='bbox 354 2455 409 2539; x_wconf 94' lang='lat' dir='ltr'><strong>qui</strong></span> <span class='ocrx_word' id='word_1_74' title='bbox 434 2454 747 2520; x_wconf 83' lang='lat' dir='ltr'><strong>demonstrationem</strong></span> <span class='ocrx_word' id='word_1_75' title='bbox 771 2455 933 2539; x_wconf 87' lang='lat' dir='ltr'><strong>quandam</strong></span> <span class='ocrx_word' id='word_1_76' title='bbox 958 2453 996 2518; x_wconf 86' lang='lat' dir='ltr'><strong>de</strong></span> <span class='ocrx_word' id='word_1_77' title='bbox 1019 2453 1080 2518; x_wconf 88' lang='lat' dir='ltr'><strong>hac</strong></span> 
     </span>
     <span class='ocr_line' id='line_1_12' title="bbox 68 2560 1080 2646; baseline 0 -22"><span class='ocrx_word' id='word_1_78' title='bbox 68 2560 259 2643; x_wconf 87' lang='lat' dir='ltr'><strong>quaestione</strong></span> <span class='ocrx_word' id='word_1_79' title='bbox 275 2560 470 2644; x_wconf 87' lang='lat' dir='ltr'><strong>continebat,</strong></span> <span class='ocrx_word' id='word_1_80' title='bbox 490 2565 524 2625; x_wconf 96' lang='lat' dir='ltr'><strong>et</strong></span> <span class='ocrx_word' id='word_1_81' title='bbox 537 2581 736 2646; x_wconf 86' lang='lat' dir='ltr'><strong>magnopere</strong></span> <span class='ocrx_word' id='word_1_82' title='bbox 757 2566 871 2646; x_wconf 87' lang='lat' dir='ltr'><strong>captus</strong></span> <span class='ocrx_word' id='word_1_83' title='bbox 886 2583 956 2626; x_wconf 87' lang='lat' dir='ltr'><strong>aum</strong></span> <span class='ocrx_word' id='word_1_84' title='bbox 973 2561 1080 2626; x_wconf 87' lang='lat' dir='ltr'><strong>studio</strong></span> 
     </span>
     <span class='ocr_line' id='line_1_13' title="bbox 67 2665 1081 2752; baseline 0.001 -22"><span class='ocrx_word' id='word_1_85' title='bbox 67 2665 283 2750; x_wconf 86' lang='lat' dir='ltr'><strong>problematis</strong></span> <span class='ocrx_word' id='word_1_86' title='bbox 306 2667 395 2731; x_wconf 88' lang='lat' dir='ltr'><strong>illius</strong></span> <span class='ocrx_word' id='word_1_87' title='bbox 420 2667 637 2732; x_wconf 84' lang='lat' dir='ltr'><strong>examinandi.</strong></span> <span class='ocrx_word' id='word_1_88' title='bbox 682 2668 747 2731; x_wconf 89' lang='lat' dir='ltr'><strong>iam</strong></span> <span class='ocrx_word' id='word_1_89' title='bbox 772 2667 890 2732; x_wconf 92' lang='lat' dir='ltr'><strong>librum</strong></span> <span class='ocrx_word' id='word_1_90' title='bbox 915 2669 956 2733; x_wconf 91' lang='lat' dir='ltr'><strong>ab</strong></span> <span class='ocrx_word' id='word_1_91' title='bbox 981 2668 1081 2752; x_wconf 82' lang='lat' dir='ltr'><strong>Apol-</strong></span> 
     </span>
     <span class='ocr_line' id='line_1_14' title="bbox 68 2771 1081 2858; baseline -0.002 -21"><span class='ocrx_word' id='word_1_92' title='bbox 68 2772 159 2839; x_wconf 89' lang='lat' dir='ltr'><strong>lonio</strong></span> <span class='ocrx_word' id='word_1_93' title='bbox 193 2771 315 2836; x_wconf 89' lang='lat' dir='ltr'><strong>editum</strong></span> <span class='ocrx_word' id='word_1_94' title='bbox 349 2773 499 2837; x_wconf 91' lang='lat' dir='ltr'><strong>omnibus</strong></span> <span class='ocrx_word' id='word_1_95' title='bbox 531 2778 645 2838; x_wconf 90' lang='lat' dir='ltr'><strong>notum</strong></span> <span class='ocrx_word' id='word_1_96' title='bbox 680 2795 749 2837; x_wconf 87' lang='lat' dir='ltr'><strong>esse</strong></span> <span class='ocrx_word' id='word_1_97' title='bbox 782 2794 839 2857; x_wconf 89' lang='lat' dir='ltr'><strong>par</strong></span> <span class='ocrx_word' id='word_1_98' title='bbox 867 2777 929 2858; x_wconf 67' lang='lat' dir='ltr'><strong>est,</strong></span> <span class='ocrx_word' id='word_1_99' title='bbox 961 2774 1081 2837; x_wconf 90' lang='lat' dir='ltr'><strong>etenim</strong></span> 
     </span>
     <span class='ocr_line' id='line_1_15' title="bbox 69 2877 1081 2964; baseline -0.002 -20"><span class='ocrx_word' id='word_1_100' title='bbox 69 2879 171 2964; x_wconf 83' lang='lat' dir='ltr'><strong>uulgo</strong></span> <span class='ocrx_word' id='word_1_101' title='bbox 194 2877 421 2942; x_wconf 76' lang='lat' dir='ltr'><strong>circumfertur</strong></span> <span class='ocrx_word' id='word_1_102' title='bbox 443 2884 573 2963; x_wconf 87' lang='lat' dir='ltr'><strong>postea,</strong></span> <span class='ocrx_word' id='word_1_103' title='bbox 601 2882 638 2944; x_wconf 90' lang='lat' dir='ltr'><strong>ut</strong></span> <span class='ocrx_word' id='word_1_104' title='bbox 659 2879 802 2962; x_wconf 88' lang='lat' dir='ltr'><strong>uidetur,</strong></span> <span class='ocrx_word' id='word_1_105' title='bbox 831 2880 982 2944; x_wconf 87' lang='lat' dir='ltr'><strong>adcurate</strong></span> <span class='ocrx_word' id='word_1_106' title='bbox 1006 2900 1081 2943; x_wconf 87' lang='lat' dir='ltr'><strong>oon·</strong></span> 
     </span>
     <span class='ocr_line' id='line_1_16' title="bbox 67 2985 1082 3069; baseline -0.003 -19"><span class='ocrx_word' id='word_1_107' title='bbox 67 2985 222 3069; x_wconf 84' lang='lat' dir='ltr'><strong>scriptus.</strong></span> <span class='ocrx_word' id='word_1_108' title='bbox 260 3003 321 3068; x_wconf 84' lang='lat' dir='ltr'><strong>ego</strong></span> <span class='ocrx_word' id='word_1_109' title='bbox 341 2987 458 3068; x_wconf 84' lang='lat' dir='ltr'><strong>autem,</strong></span> <span class='ocrx_word' id='word_1_110' title='bbox 477 3005 559 3069; x_wconf 92' lang='lat' dir='ltr'><strong>quae</strong></span> <span class='ocrx_word' id='word_1_111' title='bbox 580 3006 662 3068; x_wconf 90' lang='lat' dir='ltr'><strong>opus</strong></span> <span class='ocrx_word' id='word_1_112' title='bbox 682 3007 752 3049; x_wconf 87' lang='lat' dir='ltr'><strong>esse</strong></span> <span class='ocrx_word' id='word_1_113' title='bbox 772 2985 974 3067; x_wconf 89' lang='lat' dir='ltr'><strong>uidebantur,</strong></span> <span class='ocrx_word' id='word_1_114' title='bbox 997 3006 1082 3048; x_wconf 89' lang='lat' dir='ltr'><strong>com-</strong></span> 
     </span>
     <span class='ocr_line' id='line_1_17' title="bbox 67 3088 1082 3177; baseline -0.006 -21"><span class='ocrx_word' id='word_1_115' title='bbox 67 3095 235 3156; x_wconf 85' lang='lat' dir='ltr'><strong>mentatus</strong></span> <span class='ocrx_word' id='word_1_116' title='bbox 250 3088 293 3154; x_wconf 87' lang='lat' dir='ltr'><strong>ad</strong></span> <span class='ocrx_word' id='word_1_117' title='bbox 306 3093 338 3152; x_wconf 87' lang='lat' dir='ltr'><strong>te</strong></span> <span class='ocrx_word' id='word_1_118' title='bbox 354 3090 484 3155; x_wconf 88' lang='lat' dir='ltr'><strong>mittere</strong></span> <span class='ocrx_word' id='word_1_119' title='bbox 499 3091 667 3176; x_wconf 86' lang='lat' dir='ltr'><strong>constitui,</strong></span> <span class='ocrx_word' id='word_1_120' title='bbox 688 3092 807 3177; x_wconf 87' lang='lat' dir='ltr'><strong>quippe</strong></span> <span class='ocrx_word' id='word_1_121' title='bbox 822 3093 878 3176; x_wconf 92' lang='lat' dir='ltr'><strong>qui</strong></span> <span class='ocrx_word' id='word_1_122' title='bbox 898 3097 930 3153; x_wconf 86' lang='lat' dir='ltr'><strong>et</strong></span> <span class='ocrx_word' id='word_1_123' title='bbox 948 3093 1082 3173; x_wconf 87' lang='lat' dir='ltr'><strong>propter</strong></span> 
     </span>
     <span class='ocr_line' id='line_1_18' title="bbox 67 3194 1082 3281; baseline -0.005 -20"><span class='ocrx_word' id='word_1_124' title='bbox 67 3197 223 3281; x_wconf 88' lang='lat' dir='ltr'><strong>peritiam</strong></span> <span class='ocrx_word' id='word_1_125' title='bbox 245 3196 349 3261; x_wconf 86' lang='lat' dir='ltr'><strong>totius</strong></span> <span class='ocrx_word' id='word_1_126' title='bbox 372 3195 619 3262; x_wconf 87' lang='lat' dir='ltr'><strong>mathematicas</strong></span> <span class='ocrx_word' id='word_1_127' title='bbox 639 3197 862 3280; x_wconf 87' lang='lat' dir='ltr'><strong>imprimisque</strong></span> <span class='ocrx_word' id='word_1_128' title='bbox 886 3194 1082 3278; x_wconf 84' lang='lat' dir='ltr'><strong>geometriae</strong></span> 
     </span>
    </p>
   </div>
   <div class='ocr_carea' id='block_1_2' title="bbox 66 3340 111 3348">
    <p class='ocr_par' dir='ltr' id='par_1_2' title="bbox 66 3340 111 3348">
     <span class='ocr_line' id='line_1_19' title="bbox 66 3340 111 3348; baseline -0.044 0"><span class='ocrx_word' id='word_1_129' title='bbox 66 3340 111 3348; x_wconf 66' lang='lat'><strong>³—-</strong></span> 
     </span>
    </p>
   </div>
   <div class='ocr_carea' id='block_1_3' title="bbox 64 3400 1100 3910">
    <p class='ocr_par' dir='ltr' id='par_1_3' title="bbox 64 3400 1100 3910">
     <span class='ocr_line' id='line_1_20' title="bbox 64 3400 1082 3533; baseline -0.006 0"><span class='ocrx_word' id='word_1_130' title='bbox 64 3400 397 3532; x_wconf 45' lang='lat' dir='ltr'><strong>aqvapppsvrqp,</strong></span> <span class='ocrx_word' id='word_1_131' title='bbox 414 3413 501 3533; x_wconf 60' lang='lat'><strong>123¹}</strong></span> <span class='ocrx_word' id='word_1_132' title='bbox 519 3404 717 3533; x_wconf 63' lang='lat' dir='ltr'><strong>‘’“tttitt</strong></span> <span class='ocrx_word' id='word_1_133' title='bbox 731 3405 859 3529; x_wconf 51' lang='lat' dir='ltr'><strong>Pilius</strong></span> <span class='ocrx_word' id='word_1_134' title='bbox 878 3401 1082 3527; x_wconf 53' lang='lat' dir='ltr'><strong>iddfflffi</strong></span> 
     </span>
     <span class='ocr_line' id='line_1_21' title="bbox 67 3476 1081 3618; baseline -0.006 -15"><span class='ocrx_word' id='word_1_135' title='bbox 67 3547 124 3604; x_wconf 81' lang='lat' dir='ltr'><strong>litt.</strong></span> <span class='ocrx_word' id='word_1_136' title='bbox 145 3476 176 3604; x_wconf 59' lang='lat' dir='ltr'><strong>lJ</strong></span> <span class='ocrx_word' id='word_1_137' title='bbox 213 3553 277 3604; x_wconf 80' lang='lat'>·14.</span> <span class='ocrx_word' id='word_1_138' title='bbox 297 3518 391 3604; x_wconf 71' lang='lat' dir='ltr'><strong>idoneo</strong></span> <span class='ocrx_word' id='word_1_139' title='bbox 410 3547 467 3604; x_wconf 91' lang='lat' dir='ltr'><strong>PB.</strong></span> <span class='ocrx_word' id='word_1_140' title='bbox 524 3553 565 3604; x_wconf 77' lang='lat'><strong>15.</strong></span> <span class='ocrx_word' id='word_1_141' title='bbox 585 3547 702 3618; x_wconf 76' lang='grc' dir='ltr'><strong>δοκοῦν]</strong></span> <span class='ocrx_word' id='word_1_142' title='bbox 722 3544 753 3600; x_wconf 84' lang='grc' dir='ltr'><strong>τὸ</strong></span> <span class='ocrx_word' id='word_1_143' title='bbox 773 3544 801 3601; x_wconf 79' lang='grc' dir='ltr'><strong>δ’</strong></span> <span class='ocrx_word' id='word_1_144' title='bbox 817 3542 961 3615; x_wconf 78' lang='grc' dir='ltr'><strong><em>ὑφ’ἡμῶν</em></strong></span> <span class='ocrx_word' id='word_1_145' title='bbox 976 3544 1081 3598; x_wconf 78' lang='grc' dir='ltr'><strong><em>δοκοῦν</em></strong></span> 
     </span>
     <span class='ocr_line' id='line_1_22' title="bbox 67 3615 1082 3708; baseline -0.006 -33"><span class='ocrx_word' id='word_1_146' title='bbox 67 3618 181 3677; x_wconf 81' lang='lat' dir='ltr'><strong>Pssvv.</strong></span> <span class='ocrx_word' id='word_1_147' title='bbox 236 3638 391 3708; x_wconf 73' lang='lat' dir='ltr'><strong>yayoupev,</strong></span> <span class='ocrx_word' id='word_1_148' title='bbox 410 3638 440 3674; x_wconf 85' lang='lat' dir='ltr'><strong>su</strong></span> <span class='ocrx_word' id='word_1_149' title='bbox 462 3635 494 3673; x_wconf 85' lang='lat' dir='ltr'><strong>ra</strong></span> <span class='ocrx_word' id='word_1_150' title='bbox 508 3637 559 3674; x_wconf 87' lang='lat' dir='ltr'><strong>scr.</strong></span> <span class='ocrx_word' id='word_1_151' title='bbox 574 3639 604 3672; x_wconf 86' lang='grc' dir='ltr'><strong>αι</strong></span> <span class='ocrx_word' id='word_1_152' title='bbox 619 3637 654 3672; x_wconf 90' lang='lat' dir='ltr'><strong>m.</strong></span> <span class='ocrx_word' id='word_1_153' title='bbox 670 3634 734 3683; x_wconf 67' lang='lat' dir='ltr'><strong>rec..</strong></span> <span class='ocrx_word' id='word_1_154' title='bbox 752 3618 788 3683; x_wconf 71' lang='lat'><strong>1³3</strong></span> <span class='ocrx_word' id='word_1_155' title='bbox 807 3616 983 3685; x_wconf 76' lang='grc' dir='ltr'><strong><em>γεγραφέναι</em></strong></span> <span class='ocrx_word' id='word_1_156' title='bbox 998 3615 1082 3669; x_wconf 88' lang='lat' dir='ltr'><strong>BVv.</strong></span> 
     </span>
     <span class='ocr_line' id='line_1_23' title="bbox 105 3685 1080 3763; baseline -0.006 -18"><span class='ocrx_word' id='word_1_157' title='bbox 105 3695 148 3747; x_wconf 75' lang='grc'><strong>16.</strong></span> <span class='ocrx_word' id='word_1_158' title='bbox 166 3685 197 3745; x_wconf 83' lang='lat' dir='ltr'><strong>d’</strong></span> <span class='ocrx_word' id='word_1_159' title='bbox 220 3687 293 3763; x_wconf 77' lang='lat' dir='ltr'><strong>lyco]</strong></span> <span class='ocrx_word' id='word_1_160' title='bbox 315 3708 370 3747; x_wconf 91' lang='lat' dir='ltr'><strong>om.</strong></span> <span class='ocrx_word' id='word_1_161' title='bbox 389 3689 440 3744; x_wconf 89' lang='lat' dir='ltr'><strong>PB</strong></span> <span class='ocrx_word' id='word_1_162' title='bbox 475 3708 500 3745; x_wconf 84' lang='lat' dir='ltr'><strong>v.</strong></span> <span class='ocrx_word' id='word_1_163' title='bbox 574 3691 649 3744; x_wconf 77' lang='grc' dir='ltr'><strong><em>δοκῶ</em></strong></span> <span class='ocrx_word' id='word_1_164' title='bbox 670 3688 743 3759; x_wconf 81' lang='grc' dir='ltr'>δεῖν]</span> <span class='ocrx_word' id='word_1_165' title='bbox 765 3687 876 3756; x_wconf 77' lang='lat' dir='ltr'><strong>scripsi3</strong></span> <span class='ocrx_word' id='word_1_166' title='bbox 896 3690 992 3742; x_wconf 79' lang='grc' dir='ltr'><em>δοκεῖν</em></span> <span class='ocrx_word' id='word_1_167' title='bbox 1012 3704 1080 3741; x_wconf 86' lang='lat' dir='ltr'><strong>corr.</strong></span> 
     </span>
     <span class='ocr_line' id='line_1_24' title="bbox 67 3752 1083 3830; baseline -0.006 -12"><span class='ocrx_word' id='word_1_168' title='bbox 67 3761 98 3817; x_wconf 82' lang='lat' dir='ltr'><strong>in</strong></span> <span class='ocrx_word' id='word_1_169' title='bbox 117 3764 179 3818; x_wconf 76' lang='grc' dir='ltr'><strong>δεῖν</strong></span> <span class='ocrx_word' id='word_1_170' title='bbox 198 3762 237 3830; x_wconf 81' lang='grc' dir='ltr'><strong>Μ,</strong></span> <span class='ocrx_word' id='word_1_171' title='bbox 256 3760 484 3818; x_wconf 72' lang='lat' dir='ltr'><strong>doastaPBVv.</strong></span> <span class='ocrx_word' id='word_1_172' title='bbox 549 3766 590 3816; x_wconf 83' lang='grc'><strong>17.</strong></span> <span class='ocrx_word' id='word_1_173' title='bbox 610 3759 674 3830; x_wconf 77' lang='grc' dir='ltr'>μέν]</span> <span class='ocrx_word' id='word_1_174' title='bbox 696 3757 876 3815; x_wconf 90' lang='lat' dir='ltr'><strong>om.PBVv.</strong></span> <span class='ocrx_word' id='word_1_175' title='bbox 930 3752 1083 3812; x_wconf 76' lang='grc' dir='ltr'><strong><em>ἅπασινΡ.</em></strong></span> 
     </span>
     <span class='ocr_line' id='line_1_25' title="bbox 103 3828 1100 3910; baseline 0.001 -22"><span class='ocrx_word' id='word_1_176' title='bbox 103 3831 174 3904; x_wconf 74' lang='grc' dir='ltr'><strong><em>τοῖς]</em></strong></span> <span class='ocrx_word' id='word_1_177' title='bbox 190 3848 247 3888; x_wconf 89' lang='lat' dir='ltr'><strong>om.</strong></span> <span class='ocrx_word' id='word_1_178' title='bbox 259 3832 372 3888; x_wconf 83' lang='lat' dir='ltr'><strong>PBVv.</strong></span> <span class='ocrx_word' id='word_1_179' title='bbox 423 3829 601 3905; x_wconf 70' lang='grc' dir='ltr'><strong>μαθήμασιν,</strong></span> <span class='ocrx_word' id='word_1_180' title='bbox 617 3847 687 3889; x_wconf 88' lang='lat' dir='ltr'><strong>corr.</strong></span> <span class='ocrx_word' id='word_1_181' title='bbox 699 3848 733 3890; x_wconf 82' lang='lat' dir='ltr'><strong>ex</strong></span> <span class='ocrx_word' id='word_1_182' title='bbox 748 3828 956 3910; x_wconf 69' lang='grc' dir='ltr'>μαθηματικήν</span> <span class='ocrx_word' id='word_1_183' title='bbox 972 3828 1100 3906; x_wconf 42' lang='lat' dir='ltr'><strong>mli.</strong></span> 
     </span>
    </p>
   </div>
   <div class='ocr_carea' id='block_1_4' title="bbox 898 3929 936 3988">
    <p class='ocr_par' dir='ltr' id='par_1_4' title="bbox 898 3929 936 3988">
     <span class='ocr_line' id='line_1_26' title="bbox 898 3929 936 3988; baseline 0 -23"><span class='ocrx_word' id='word_1_184' title='bbox 898 3929 936 3988; x_wconf 45' lang='grc' dir='ltr'>ᾗ</span> 
     </span>
    </p>
   </div>
   <div class='ocr_carea' id='block_1_5' title="bbox 0 0 1212 4236">
    <p class='ocr_par' dir='ltr' id='par_1_5' title="bbox 0 0 1212 4236">
     <span class='ocr_line' id='line_1_27' title="bbox 0 0 1212 4236; baseline 0 0"><span class='ocrx_word' id='word_1_185' title='bbox 0 0 1212 4236; x_wconf 95' lang='lat' dir='ltr'><strong> </strong></span> 
     </span>
    </p>
   </div>
  </div>
 </body>
</html>
