<?xml version="1.0" encoding="UTF-8"?>
<!DOCTYPE html PUBLIC "-//W3C//DTD XHTML 1.0 Transitional//EN"
    "http://www.w3.org/TR/xhtml1/DTD/xhtml1-transitional.dtd">
<html xmlns="http://www.w3.org/1999/xhtml" xml:lang="en" lang="en">
 <head>
  <title>
</title>
<meta http-equiv="Content-Type" content="text/html;charset=utf-8" />
  <meta name='ocr-system' content='tesseract 3.04.00' />
  <meta name='ocr-capabilities' content='ocr_page ocr_carea ocr_par ocr_line ocrx_word'/>
</head>
<body>
  <div class='ocr_page' id='page_1' title='image "./euclidisoperaom10unkngoog_0398.png"; bbox 0 0 2414 4236; ppageno 0'>
   <div class='ocr_carea' id='block_1_1' title="bbox 200 483 1065 550">
    <p class='ocr_par' dir='ltr' id='par_1_1' title="bbox 200 483 1065 550">
     <span class='ocr_line' id='line_1_1' title="bbox 200 483 1065 550; baseline 0 -9"><span class='ocrx_word' id='word_1_1' title='bbox 200 488 356 541; x_wconf 79' lang='lat' dir='ltr'>SOHOLIA</span> <span class='ocrx_word' id='word_1_2' title='bbox 374 490 413 541; x_wconf 89' lang='lat' dir='ltr'><strong><em>IN</em></strong></span> <span class='ocrx_word' id='word_1_3' title='bbox 431 487 706 540; x_wconf 72' lang='grc' dir='ltr'><strong><em>ΕΒΕΜΕΝΤΟΒΒΜ</em></strong></span> <span class='ocrx_word' id='word_1_4' title='bbox 724 488 863 539; x_wconf 82' lang='lat' dir='ltr'>LIBRUM</span> <span class='ocrx_word' id='word_1_5' title='bbox 876 488 926 539; x_wconf 90' lang='lat'>111.</span> <span class='ocrx_word' id='word_1_6' title='bbox 1000 483 1065 550; x_wconf 84' lang='grc'><strong><em>269</em></strong></span> 
     </span>
    </p>
   </div>
   <div class='ocr_carea' id='block_1_2' title="bbox 48 625 1126 2843">
    <p class='ocr_par' dir='ltr' id='par_1_2' title="bbox 48 625 1126 2843">
     <span class='ocr_line' id='line_1_2' title="bbox 48 625 1065 717; baseline -0.005 -17"><span class='ocrx_word' id='word_1_7' title='bbox 48 631 274 717; x_wconf 78' lang='grc' dir='ltr'><strong><em>περιφερειῶν</em></strong></span> <span class='ocrx_word' id='word_1_8' title='bbox 305 631 539 697; x_wconf 80' lang='grc' dir='ltr'><strong><em>σνσταθεισῶν</em></strong></span> <span class='ocrx_word' id='word_1_9' title='bbox 567 625 589 714; x_wconf 82' lang='grc' dir='ltr'><em>ἡ</em></span> <span class='ocrx_word' id='word_1_10' title='bbox 622 626 684 715; x_wconf 73' lang='grc' dir='ltr'><strong><em>μέν</em></strong></span> <span class='ocrx_word' id='word_1_11' title='bbox 717 631 808 694; x_wconf 79' lang='grc' dir='ltr'><strong><em>ἔσται</em></strong></span> <span class='ocrx_word' id='word_1_12' title='bbox 835 630 904 696; x_wconf 78' lang='grc' dir='ltr'><strong><em>τῶν</em></strong></span> <span class='ocrx_word' id='word_1_13' title='bbox 930 630 1065 714; x_wconf 79' lang='grc' dir='ltr'><em>γωνιῶν</em></span> 
     </span>
     <span class='ocr_line' id='line_1_3' title="bbox 50 726 1066 822; baseline -0.003 -17"><span class='ocrx_word' id='word_1_14' title='bbox 50 735 220 820; x_wconf 76' lang='grc' dir='ltr'><em>ἐλάσσων,</em></span> <span class='ocrx_word' id='word_1_15' title='bbox 252 732 273 822; x_wconf 83' lang='grc' dir='ltr'><em>ἡ</em></span> <span class='ocrx_word' id='word_1_16' title='bbox 308 734 345 803; x_wconf 73' lang='grc' dir='ltr'><strong><em>δὲ</em></strong></span> <span class='ocrx_word' id='word_1_17' title='bbox 377 740 505 822; x_wconf 76' lang='grc' dir='ltr'><strong><em>μείζων.</em></strong></span> <span class='ocrx_word' id='word_1_18' title='bbox 553 732 613 802; x_wconf 89' lang='grc' dir='ltr'><strong><em>έάν</em></strong></span> <span class='ocrx_word' id='word_1_19' title='bbox 636 726 701 803; x_wconf 90' lang='grc' dir='ltr'><strong><em>ούν</em></strong></span> <span class='ocrx_word' id='word_1_20' title='bbox 729 731 793 802; x_wconf 88' lang='grc' dir='ltr'><strong><em>ἀπὸ</em></strong></span> <span class='ocrx_word' id='word_1_21' title='bbox 826 743 885 819; x_wconf 85' lang='grc' dir='ltr'><strong><em>τῆς</em></strong></span> <span class='ocrx_word' id='word_1_22' title='bbox 916 738 1066 820; x_wconf 75' lang='grc' dir='ltr'><strong><em>μείζονος</em></strong></span> 
     </span>
     <span class='ocr_line' id='line_1_4' title="bbox 49 835 1066 930; baseline -0.004 -19"><span class='ocrx_word' id='word_1_23' title='bbox 49 846 177 930; x_wconf 75' lang='grc' dir='ltr'><strong><em>γωνίας</em></strong></span> <span class='ocrx_word' id='word_1_24' title='bbox 198 847 238 930; x_wconf 80' lang='grc' dir='ltr'><strong><em>τῇ</em></strong></span> <span class='ocrx_word' id='word_1_25' title='bbox 262 842 421 910; x_wconf 82' lang='grc' dir='ltr'><strong><em>έλάσσονι</em></strong></span> <span class='ocrx_word' id='word_1_26' title='bbox 440 849 518 929; x_wconf 80' lang='grc' dir='ltr'><strong><em>ίσην</em></strong></span> <span class='ocrx_word' id='word_1_27' title='bbox 537 837 673 929; x_wconf 83' lang='grc' dir='ltr'><strong><em>ἀφέλῃς,</em></strong></span> <span class='ocrx_word' id='word_1_28' title='bbox 697 844 830 909; x_wconf 78' lang='grc' dir='ltr'><strong><em>ἔσονται</em></strong></span> <span class='ocrx_word' id='word_1_29' title='bbox 849 835 960 908; x_wconf 82' lang='grc' dir='ltr'><strong><em>ούκέτι</em></strong></span> <span class='ocrx_word' id='word_1_30' title='bbox 979 841 1016 905; x_wconf 86' lang='grc' dir='ltr'><strong><em>αί</em></strong></span> <span class='ocrx_word' id='word_1_31' title='bbox 1033 840 1066 920; x_wconf 85' lang='grc' dir='ltr'><strong><em>έξ</em></strong></span> 
     </span>
     <span class='ocr_line' id='line_1_5' title="bbox 53 942 1067 1036; baseline -0.006 -19"><span class='ocrx_word' id='word_1_32' title='bbox 53 947 159 1036; x_wconf 82' lang='grc' dir='ltr'><strong><em>ἀρχῆς</em></strong></span> <span class='ocrx_word' id='word_1_33' title='bbox 190 948 397 1034; x_wconf 77' lang='grc' dir='ltr'><strong><em>περιφέρειαι</em></strong></span> <span class='ocrx_word' id='word_1_34' title='bbox 429 946 550 1032; x_wconf 85' lang='grc' dir='ltr'><strong><em>ὅμοιαι.</em></strong></span> <span class='ocrx_word' id='word_1_35' title='bbox 604 942 779 1015; x_wconf 79' lang='grc' dir='ltr'><strong><em>ὑπέκειντο</em></strong></span> <span class='ocrx_word' id='word_1_36' title='bbox 812 947 861 1015; x_wconf 79' lang='grc' dir='ltr'><strong><em>δέ·</em></strong></span> <span class='ocrx_word' id='word_1_37' title='bbox 907 943 969 1013; x_wconf 89' lang='grc' dir='ltr'><strong><em>ούκ</em></strong></span> <span class='ocrx_word' id='word_1_38' title='bbox 1000 942 1067 1032; x_wconf 87' lang='grc' dir='ltr'><strong><em>ἀρα</em></strong></span> 
     </span>
     <span class='ocr_line' id='line_1_6' title="bbox 50 1043 1120 1139; baseline -0.006 -15"><span class='ocrx_word' id='word_1_39' title='bbox 50 1054 168 1124; x_wconf 85' lang='grc' dir='ltr'><strong><em>ἀνισοι</em></strong></span> <span class='ocrx_word' id='word_1_40' title='bbox 196 1057 232 1122; x_wconf 87' lang='grc' dir='ltr'><strong><em>οί</em></strong></span> <span class='ocrx_word' id='word_1_41' title='bbox 255 1053 386 1135; x_wconf 87' lang='grc' dir='ltr'><strong><em>κύκλοι,</em></strong></span> <span class='ocrx_word' id='word_1_42' title='bbox 415 1043 465 1120; x_wconf 75' lang='grc' dir='ltr'><strong><em>ὦν</em></strong></span> <span class='ocrx_word' id='word_1_43' title='bbox 492 1056 529 1118; x_wconf 80' lang='grc' dir='ltr'><strong><em>αἱ</em></strong></span> <span class='ocrx_word' id='word_1_44' title='bbox 555 1050 668 1139; x_wconf 83' lang='grc' dir='ltr'><strong><em>ὅμοιαι</em></strong></span> <span class='ocrx_word' id='word_1_45' title='bbox 695 1052 911 1139; x_wconf 75' lang='grc' dir='ltr'><strong><em>περιφέρειαι.</em></strong></span> <span class='ocrx_word' id='word_1_46' title='bbox 956 1052 1067 1119; x_wconf 81' lang='grc' dir='ltr'><strong><em>ἕπεται</em></strong></span> <span class='ocrx_word' id='word_1_47' title='bbox 1105 1077 1120 1126; x_wconf 76' lang='lat'><strong>5</strong></span> 
     </span>
     <span class='ocr_line' id='line_1_7' title="bbox 51 1140 1068 1247; baseline -0.006 -16"><span class='ocrx_word' id='word_1_48' title='bbox 51 1140 94 1231; x_wconf 65' lang='grc' dir='ltr'><strong><em>δέ</em></strong></span> <span class='ocrx_word' id='word_1_49' title='bbox 115 1173 186 1241; x_wconf 81' lang='grc' dir='ltr'><strong><em>τοῖς</em></strong></span> <span class='ocrx_word' id='word_1_50' title='bbox 207 1161 295 1247; x_wconf 80' lang='grc' dir='ltr'><strong><em>τρισὶ</em></strong></span> <span class='ocrx_word' id='word_1_51' title='bbox 313 1160 444 1239; x_wconf 81' lang='grc' dir='ltr'><strong><em>τούτοις</em></strong></span> <span class='ocrx_word' id='word_1_52' title='bbox 466 1158 552 1227; x_wconf 90' lang='grc' dir='ltr'><strong><em>ἀλλα</em></strong></span> <span class='ocrx_word' id='word_1_53' title='bbox 574 1165 650 1247; x_wconf 90' lang='grc' dir='ltr'><strong><em>τρία</em></strong></span> <span class='ocrx_word' id='word_1_54' title='bbox 671 1157 710 1227; x_wconf 88' lang='grc' dir='ltr'><strong><em>τό</em></strong></span> <span class='ocrx_word' id='word_1_55' title='bbox 732 1185 766 1227; x_wconf 90' lang='grc' dir='ltr'><strong><em>τε</em></strong></span> <span class='ocrx_word' id='word_1_56' title='bbox 789 1161 826 1227; x_wconf 87' lang='grc' dir='ltr'><strong><em>έν</em></strong></span> <span class='ocrx_word' id='word_1_57' title='bbox 844 1172 914 1239; x_wconf 75' lang='grc' dir='ltr'><strong><em>τοῖς</em></strong></span> <span class='ocrx_word' id='word_1_58' title='bbox 936 1158 1068 1239; x_wconf 80' lang='grc' dir='ltr'><strong><em>ἀνίσοις</em></strong></span> 
     </span>
     <span class='ocr_line' id='line_1_8' title="bbox 53 1262 1068 1353; baseline -0.003 -16"><span class='ocrx_word' id='word_1_59' title='bbox 53 1267 190 1347; x_wconf 77' lang='grc' dir='ltr'><strong><em>κύκλοις</em></strong></span> <span class='ocrx_word' id='word_1_60' title='bbox 219 1266 278 1347; x_wconf 89' lang='grc' dir='ltr'><strong><em>τάς</em></strong></span> <span class='ocrx_word' id='word_1_61' title='bbox 305 1275 380 1345; x_wconf 85' lang='grc' dir='ltr'><strong><em>ίσας</em></strong></span> <span class='ocrx_word' id='word_1_62' title='bbox 403 1265 539 1346; x_wconf 76' lang='grc' dir='ltr'><strong><em>εὐθείας</em></strong></span> <span class='ocrx_word' id='word_1_63' title='bbox 562 1263 701 1346; x_wconf 76' lang='grc' dir='ltr'><strong><em>ἀνίσους</em></strong></span> <span class='ocrx_word' id='word_1_64' title='bbox 723 1265 779 1332; x_wconf 70' lang='grc' dir='ltr'><strong><em>καί</em></strong></span> <span class='ocrx_word' id='word_1_65' title='bbox 802 1263 966 1353; x_wconf 78' lang='grc' dir='ltr'><strong><em>ἀνομοίας</em></strong></span> <span class='ocrx_word' id='word_1_66' title='bbox 987 1262 1068 1334; x_wconf 83' lang='grc' dir='ltr'><strong><em>ύτιο-</em></strong></span> 
     </span>
     <span class='ocr_line' id='line_1_9' title="bbox 53 1368 1068 1460; baseline 0.001 -19"><span class='ocrx_word' id='word_1_67' title='bbox 53 1379 179 1443; x_wconf 90' lang='grc' dir='ltr'><strong><em>τείνειν</em></strong></span> <span class='ocrx_word' id='word_1_68' title='bbox 196 1378 408 1460; x_wconf 79' lang='grc' dir='ltr'><strong><em>περιφερείας</em></strong></span> <span class='ocrx_word' id='word_1_69' title='bbox 425 1371 481 1440; x_wconf 86' lang='grc' dir='ltr'><strong><em>καὶ</em></strong></span> <span class='ocrx_word' id='word_1_70' title='bbox 499 1369 540 1438; x_wconf 90' lang='grc' dir='ltr'><strong><em>τά</em></strong></span> <span class='ocrx_word' id='word_1_71' title='bbox 559 1369 621 1440; x_wconf 81' lang='grc' dir='ltr'><strong><em>δύο</em></strong></span> <span class='ocrx_word' id='word_1_72' title='bbox 640 1368 856 1460; x_wconf 84' lang='grc' dir='ltr'><strong><em>ἀντίστροφα.</em></strong></span> <span class='ocrx_word' id='word_1_73' title='bbox 882 1372 938 1440; x_wconf 82' lang='grc' dir='ltr'><strong><em>καὶ</em></strong></span> <span class='ocrx_word' id='word_1_74' title='bbox 953 1371 991 1441; x_wconf 85' lang='grc' dir='ltr'><strong><em>τὸ</em></strong></span> <span class='ocrx_word' id='word_1_75' title='bbox 1006 1372 1068 1460; x_wconf 75' lang='grc' dir='ltr'><strong><em>μὲν</em></strong></span> 
     </span>
     <span class='ocr_line' id='line_1_10' title="bbox 53 1475 1069 1566; baseline 0 -17"><span class='ocrx_word' id='word_1_76' title='bbox 53 1483 190 1564; x_wconf 76' lang='grc' dir='ltr'><strong><em>πρῶτον</em></strong></span> <span class='ocrx_word' id='word_1_77' title='bbox 212 1477 300 1548; x_wconf 82' lang='grc' dir='ltr'><strong><em>οὕτω</em></strong></span> <span class='ocrx_word' id='word_1_78' title='bbox 323 1501 404 1558; x_wconf 87' lang='grc' dir='ltr'><strong><em>πως·</em></strong></span> <span class='ocrx_word' id='word_1_79' title='bbox 443 1477 495 1546; x_wconf 80' lang='grc' dir='ltr'><strong><em>ὅτι</em></strong></span> <span class='ocrx_word' id='word_1_80' title='bbox 517 1477 580 1565; x_wconf 77' lang='grc' dir='ltr'><strong><em>μὲν</em></strong></span> <span class='ocrx_word' id='word_1_81' title='bbox 603 1475 761 1565; x_wconf 87' lang='grc' dir='ltr'><strong><em>ἀνόμοιαι</em></strong></span> <span class='ocrx_word' id='word_1_82' title='bbox 790 1481 827 1545; x_wconf 78' lang='grc' dir='ltr'><strong><em>αἱ</em></strong></span> <span class='ocrx_word' id='word_1_83' title='bbox 852 1480 1069 1566; x_wconf 85' lang='grc' dir='ltr'><strong><em>περιφέρειαι,</em></strong></span> 
     </span>
     <span class='ocr_line' id='line_1_11' title="bbox 57 1581 1122 1673; baseline 0.004 -21"><span class='ocrx_word' id='word_1_84' title='bbox 57 1584 220 1673; x_wconf 83' lang='grc' dir='ltr'><strong><em>φανερόν,</em></strong></span> <span class='ocrx_word' id='word_1_85' title='bbox 245 1589 275 1653; x_wconf 86' lang='grc' dir='ltr'><strong><em>εί</em></strong></span> <span class='ocrx_word' id='word_1_86' title='bbox 293 1586 368 1671; x_wconf 80' lang='grc' dir='ltr'><strong><em>περὶ</em></strong></span> <span class='ocrx_word' id='word_1_87' title='bbox 385 1585 423 1653; x_wconf 87' lang='grc' dir='ltr'><strong><em>τὸ</em></strong></span> <span class='ocrx_word' id='word_1_88' title='bbox 444 1581 526 1653; x_wconf 87' lang='grc' dir='ltr'><strong><em>αύτὸ</em></strong></span> <span class='ocrx_word' id='word_1_89' title='bbox 545 1594 676 1653; x_wconf 78' lang='grc' dir='ltr'><strong><em>τεθεῖεν</em></strong></span> <span class='ocrx_word' id='word_1_90' title='bbox 694 1585 834 1671; x_wconf 83' lang='grc' dir='ltr'><strong><em>κέντρον</em></strong></span> <span class='ocrx_word' id='word_1_91' title='bbox 852 1592 937 1654; x_wconf 75' lang='grc' dir='ltr'><strong><em>ἰσων</em></strong></span> <span class='ocrx_word' id='word_1_92' title='bbox 955 1582 1069 1654; x_wconf 79' lang='grc' dir='ltr'><strong><em>ούσῶν</em></strong></span> <span class='ocrx_word' id='word_1_93' title='bbox 1090 1607 1122 1657; x_wconf 88' lang='lat'><strong><em>10</em></strong></span> 
     </span>
     <span class='ocr_line' id='line_1_12' title="bbox 54 1688 1070 1779; baseline 0.003 -21"><span class='ocrx_word' id='word_1_94' title='bbox 54 1695 125 1761; x_wconf 74' lang='grc' dir='ltr'><strong><em>τῶν</em></strong></span> <span class='ocrx_word' id='word_1_95' title='bbox 157 1688 311 1760; x_wconf 81' lang='grc' dir='ltr'><strong><em>εύθειῶν.</em></strong></span> <span class='ocrx_word' id='word_1_96' title='bbox 366 1689 479 1760; x_wconf 85' lang='grc' dir='ltr'><strong><em>ἀνισοι</em></strong></span> <span class='ocrx_word' id='word_1_97' title='bbox 512 1691 577 1778; x_wconf 81' lang='grc' dir='ltr'><strong><em>γάρ</em></strong></span> <span class='ocrx_word' id='word_1_98' title='bbox 611 1693 649 1759; x_wconf 80' lang='grc' dir='ltr'><strong><em>αλ</em></strong></span> <span class='ocrx_word' id='word_1_99' title='bbox 676 1689 741 1759; x_wconf 88' lang='grc' dir='ltr'><strong><em>ἀπὸ</em></strong></span> <span class='ocrx_word' id='word_1_100' title='bbox 773 1695 835 1760; x_wconf 84' lang='grc' dir='ltr'><strong><em>τοῦ</em></strong></span> <span class='ocrx_word' id='word_1_101' title='bbox 866 1693 970 1779; x_wconf 80' lang='grc' dir='ltr'><strong><em>μέσον</em></strong></span> <span class='ocrx_word' id='word_1_102' title='bbox 1001 1696 1070 1761; x_wconf 81' lang='grc' dir='ltr'><strong><em>τῶν</em></strong></span> 
     </span>
     <span class='ocr_line' id='line_1_13' title="bbox 57 1794 1072 1884; baseline -0.003 -17"><span class='ocrx_word' id='word_1_103' title='bbox 57 1794 204 1867; x_wconf 79' lang='grc' dir='ltr'><strong><em>εὐθειῶν</em></strong></span> <span class='ocrx_word' id='word_1_104' title='bbox 224 1795 435 1877; x_wconf 77' lang='grc' dir='ltr'><strong><em>ἀποστάσεις·</em></strong></span> <span class='ocrx_word' id='word_1_105' title='bbox 459 1795 618 1866; x_wconf 76' lang='grc' dir='ltr'><strong><em>ὥστεκαὶ</em></strong></span> <span class='ocrx_word' id='word_1_106' title='bbox 641 1800 679 1864; x_wconf 80' lang='grc' dir='ltr'><strong><em>αλ</em></strong></span> <span class='ocrx_word' id='word_1_107' title='bbox 699 1801 832 1884; x_wconf 82' lang='grc' dir='ltr'><strong><em>γωνίαι·</em></strong></span> <span class='ocrx_word' id='word_1_108' title='bbox 858 1796 1015 1868; x_wconf 79' lang='grc' dir='ltr'><strong><em>ὥστεκαὶ</em></strong></span> <span class='ocrx_word' id='word_1_109' title='bbox 1035 1800 1072 1865; x_wconf 84' lang='grc' dir='ltr'><strong><em>αί</em></strong></span> 
     </span>
     <span class='ocr_line' id='line_1_14' title="bbox 55 1902 1070 1993; baseline 0.001 -21"><span class='ocrx_word' id='word_1_110' title='bbox 55 1904 271 1991; x_wconf 87' lang='grc' dir='ltr'><strong><em>περιφέρειαι.</em></strong></span> <span class='ocrx_word' id='word_1_111' title='bbox 312 1904 414 1990; x_wconf 82' lang='grc' dir='ltr'><strong><em>λέγω,</em></strong></span> <span class='ocrx_word' id='word_1_112' title='bbox 448 1902 499 1973; x_wconf 77' lang='grc' dir='ltr'><strong><em>ὅτι</em></strong></span> <span class='ocrx_word' id='word_1_113' title='bbox 526 1904 582 1972; x_wconf 80' lang='grc' dir='ltr'><strong><em>καὶ</em></strong></span> <span class='ocrx_word' id='word_1_114' title='bbox 611 1907 647 1971; x_wconf 78' lang='grc' dir='ltr'><strong><em>οἱ</em></strong></span> <span class='ocrx_word' id='word_1_115' title='bbox 671 1902 786 1974; x_wconf 87' lang='grc' dir='ltr'><strong><em>κύκλοι</em></strong></span> <span class='ocrx_word' id='word_1_116' title='bbox 815 1904 871 1973; x_wconf 81' lang='grc' dir='ltr'><strong><em>ύιά</em></strong></span> <span class='ocrx_word' id='word_1_117' title='bbox 895 1903 933 1975; x_wconf 88' lang='grc' dir='ltr'><strong><em>τὸ</em></strong></span> <span class='ocrx_word' id='word_1_118' title='bbox 957 1909 1070 1993; x_wconf 91' lang='grc' dir='ltr'><strong><em>τρίτον</em></strong></span> 
     </span>
     <span class='ocr_line' id='line_1_15' title="bbox 56 2007 1072 2100; baseline 0 -21"><span class='ocrx_word' id='word_1_119' title='bbox 56 2014 125 2079; x_wconf 78' lang='grc' dir='ltr'><strong><em>τῶν</em></strong></span> <span class='ocrx_word' id='word_1_120' title='bbox 143 2009 208 2096; x_wconf 88' lang='grc' dir='ltr'><strong><em>πρὸ</em></strong></span> <span class='ocrx_word' id='word_1_121' title='bbox 228 2007 333 2078; x_wconf 82' lang='grc' dir='ltr'><strong><em>αὐτοῦ</em></strong></span> <span class='ocrx_word' id='word_1_122' title='bbox 352 2009 602 2098; x_wconf 91' lang='grc' dir='ltr'><strong><em>ἀντιστρόφιον.</em></strong></span> <span class='ocrx_word' id='word_1_123' title='bbox 638 2009 676 2078; x_wconf 91' lang='grc' dir='ltr'><strong><em>τὸ</em></strong></span> <span class='ocrx_word' id='word_1_124' title='bbox 697 2011 735 2080; x_wconf 70' lang='grc' dir='ltr'><strong><em>δὲ</em></strong></span> <span class='ocrx_word' id='word_1_125' title='bbox 754 2011 926 2100; x_wconf 83' lang='grc' dir='ltr'><strong><em>δεύτερον·</em></strong></span> <span class='ocrx_word' id='word_1_126' title='bbox 950 2014 987 2081; x_wconf 88' lang='grc' dir='ltr'><strong><em>έν</em></strong></span> <span class='ocrx_word' id='word_1_127' title='bbox 1001 2025 1072 2092; x_wconf 81' lang='grc' dir='ltr'><strong><em>τοῖς</em></strong></span> 
     </span>
     <span class='ocr_line' id='line_1_16' title="bbox 58 2114 1124 2206; baseline 0.004 -22"><span class='ocrx_word' id='word_1_128' title='bbox 58 2114 188 2196; x_wconf 87' lang='grc' dir='ltr'><strong><em>ἀνίσοις</em></strong></span> <span class='ocrx_word' id='word_1_129' title='bbox 219 2116 356 2196; x_wconf 81' lang='grc' dir='ltr'><strong><em>κύκλοις</em></strong></span> <span class='ocrx_word' id='word_1_130' title='bbox 386 2114 453 2185; x_wconf 81' lang='grc' dir='ltr'><strong><em>ὑπὸ</em></strong></span> <span class='ocrx_word' id='word_1_131' title='bbox 486 2115 544 2197; x_wconf 83' lang='grc' dir='ltr'><strong><em>τὰς</em></strong></span> <span class='ocrx_word' id='word_1_132' title='bbox 576 2115 695 2204; x_wconf 88' lang='grc' dir='ltr'><strong><em>ὁμοίας</em></strong></span> <span class='ocrx_word' id='word_1_133' title='bbox 721 2124 932 2206; x_wconf 89' lang='grc' dir='ltr'><strong><em>περιφερείας</em></strong></span> <span class='ocrx_word' id='word_1_134' title='bbox 959 2117 1071 2187; x_wconf 83' lang='grc' dir='ltr'><strong><em>ἀνισοι</em></strong></span> <span class='ocrx_word' id='word_1_135' title='bbox 1092 2138 1124 2188; x_wconf 75' lang='lat'><strong><em>1⁶</em></strong></span> 
     </span>
     <span class='ocr_line' id='line_1_17' title="bbox 59 2220 1074 2310; baseline -0.003 -17"><span class='ocrx_word' id='word_1_136' title='bbox 59 2221 191 2293; x_wconf 77' lang='grc' dir='ltr'><strong><em>εὐθεῖαι</em></strong></span> <span class='ocrx_word' id='word_1_137' title='bbox 222 2220 470 2291; x_wconf 82' lang='grc' dir='ltr'><strong><em>ὑποτείνουσιν.</em></strong></span> <span class='ocrx_word' id='word_1_138' title='bbox 521 2225 552 2289; x_wconf 85' lang='grc' dir='ltr'><strong><em>εἰ</em></strong></span> <span class='ocrx_word' id='word_1_139' title='bbox 577 2221 642 2309; x_wconf 81' lang='grc' dir='ltr'><strong><em>γάρ</em></strong></span> <span class='ocrx_word' id='word_1_140' title='bbox 671 2231 754 2310; x_wconf 82' lang='grc' dir='ltr'><strong><em>ίσαι,</em></strong></span> <span class='ocrx_word' id='word_1_141' title='bbox 787 2231 857 2291; x_wconf 77' lang='grc' dir='ltr'><strong><em>ἶσαι</em></strong></span> <span class='ocrx_word' id='word_1_142' title='bbox 889 2223 926 2292; x_wconf 74' lang='grc' dir='ltr'><strong><em>δὲ</em></strong></span> <span class='ocrx_word' id='word_1_143' title='bbox 953 2225 1009 2291; x_wconf 82' lang='grc' dir='ltr'><strong><em>καὶ</em></strong></span> <span class='ocrx_word' id='word_1_144' title='bbox 1037 2226 1074 2290; x_wconf 86' lang='grc' dir='ltr'><strong><em>αί</em></strong></span> 
     </span>
     <span class='ocr_line' id='line_1_18' title="bbox 61 2325 1072 2417; baseline -0.002 -19"><span class='ocrx_word' id='word_1_145' title='bbox 61 2337 192 2416; x_wconf 77' lang='grc' dir='ltr'><strong><em>γωνίαι,</em></strong></span> <span class='ocrx_word' id='word_1_146' title='bbox 220 2331 275 2398; x_wconf 79' lang='grc' dir='ltr'><strong><em>καὶ</em></strong></span> <span class='ocrx_word' id='word_1_147' title='bbox 298 2328 339 2398; x_wconf 89' lang='grc' dir='ltr'><strong><em>τά</em></strong></span> <span class='ocrx_word' id='word_1_148' title='bbox 362 2334 508 2417; x_wconf 85' lang='grc' dir='ltr'><strong><em>τρίγωνα</em></strong></span> <span class='ocrx_word' id='word_1_149' title='bbox 537 2338 593 2397; x_wconf 81' lang='grc' dir='ltr'><strong><em>ίσα</em></strong></span> <span class='ocrx_word' id='word_1_150' title='bbox 621 2325 664 2397; x_wconf 87' lang='grc' dir='ltr'><strong><em>ἀν</em></strong></span> <span class='ocrx_word' id='word_1_151' title='bbox 687 2337 755 2415; x_wconf 76' lang='grc' dir='ltr'><strong><em>εἴη,</em></strong></span> <span class='ocrx_word' id='word_1_152' title='bbox 787 2329 842 2397; x_wconf 79' lang='grc' dir='ltr'><strong><em>καὶ</em></strong></span> <span class='ocrx_word' id='word_1_153' title='bbox 871 2332 908 2396; x_wconf 84' lang='grc' dir='ltr'><strong><em>αί</em></strong></span> <span class='ocrx_word' id='word_1_154' title='bbox 932 2330 1072 2414; x_wconf 82' lang='grc' dir='ltr'><strong><em>πλευραὶ</em></strong></span> 
     </span>
     <span class='ocr_line' id='line_1_19' title="bbox 64 2434 1072 2522; baseline -0.002 -18"><span class='ocrx_word' id='word_1_155' title='bbox 64 2438 120 2504; x_wconf 80' lang='grc' dir='ltr'><strong><em>καὶ</em></strong></span> <span class='ocrx_word' id='word_1_156' title='bbox 144 2440 181 2504; x_wconf 84' lang='grc' dir='ltr'><strong><em>αί</em></strong></span> <span class='ocrx_word' id='word_1_157' title='bbox 202 2439 238 2505; x_wconf 84' lang='grc' dir='ltr'><strong><em>ἐκ</em></strong></span> <span class='ocrx_word' id='word_1_158' title='bbox 260 2441 328 2504; x_wconf 80' lang='grc' dir='ltr'><strong><em>τῶν</em></strong></span> <span class='ocrx_word' id='word_1_159' title='bbox 351 2438 499 2520; x_wconf 82' lang='grc' dir='ltr'><strong><em>κέντρων</em></strong></span> <span class='ocrx_word' id='word_1_160' title='bbox 521 2437 577 2504; x_wconf 80' lang='grc' dir='ltr'><strong><em>καὶ</em></strong></span> <span class='ocrx_word' id='word_1_161' title='bbox 597 2439 632 2505; x_wconf 79' lang='grc' dir='ltr'><strong><em>οἱ</em></strong></span> <span class='ocrx_word' id='word_1_162' title='bbox 648 2435 773 2504; x_wconf 87' lang='grc' dir='ltr'><strong><em>κύκλοι.</em></strong></span> <span class='ocrx_word' id='word_1_163' title='bbox 810 2435 847 2503; x_wconf 90' lang='grc' dir='ltr'><strong><em>τὸ</em></strong></span> <span class='ocrx_word' id='word_1_164' title='bbox 861 2441 989 2522; x_wconf 90' lang='grc' dir='ltr'><strong><em>τρίτον·</em></strong></span> <span class='ocrx_word' id='word_1_165' title='bbox 1013 2434 1072 2503; x_wconf 85' lang='grc' dir='ltr'><strong><em>έάν</em></strong></span> 
     </span>
     <span class='ocr_line' id='line_1_20' title="bbox 63 2535 1072 2631; baseline -0.002 -21"><span class='ocrx_word' id='word_1_166' title='bbox 63 2540 177 2629; x_wconf 78' lang='grc' dir='ltr'><strong><em>ὅμοιαι</em></strong></span> <span class='ocrx_word' id='word_1_167' title='bbox 196 2543 251 2610; x_wconf 79' lang='grc' dir='ltr'><strong><em>καὶ</em></strong></span> <span class='ocrx_word' id='word_1_168' title='bbox 271 2542 384 2611; x_wconf 84' lang='grc' dir='ltr'><strong><em>ἀνισοι</em></strong></span> <span class='ocrx_word' id='word_1_169' title='bbox 403 2535 487 2612; x_wconf 82' lang='grc' dir='ltr'><strong><em>ἀσιν</em></strong></span> <span class='ocrx_word' id='word_1_170' title='bbox 502 2546 539 2611; x_wconf 81' lang='grc' dir='ltr'><strong><em>αἱ</em></strong></span> <span class='ocrx_word' id='word_1_171' title='bbox 550 2545 769 2631; x_wconf 85' lang='grc' dir='ltr'><strong><em>περιφέρειαι·</em></strong></span> <span class='ocrx_word' id='word_1_172' title='bbox 798 2545 904 2629; x_wconf 81' lang='grc' dir='ltr'><strong><em>δῆλον</em></strong></span> <span class='ocrx_word' id='word_1_173' title='bbox 922 2541 998 2629; x_wconf 80' lang='grc' dir='ltr'><strong><em>μα’ρ,</em></strong></span> <span class='ocrx_word' id='word_1_174' title='bbox 1022 2538 1072 2609; x_wconf 85' lang='grc' dir='ltr'><strong><em>ὅτι</em></strong></span> 
     </span>
     <span class='ocr_line' id='line_1_21' title="bbox 59 2645 1126 2720; baseline 0.002 -4"><span class='ocrx_word' id='word_1_175' title='bbox 59 2645 128 2717; x_wconf 80' lang='grc' dir='ltr'><strong><em>ὑπὸ</em></strong></span> <span class='ocrx_word' id='word_1_176' title='bbox 143 2646 274 2718; x_wconf 85' lang='grc' dir='ltr'><strong><em>ἀνίσων</em></strong></span> <span class='ocrx_word' id='word_1_177' title='bbox 289 2646 435 2719; x_wconf 77' lang='grc' dir='ltr'><strong><em>εὐθειῶν</em></strong></span> <span class='ocrx_word' id='word_1_178' title='bbox 449 2647 696 2720; x_wconf 87' lang='grc' dir='ltr'><strong><em>ὖποτείνονται·</em></strong></span> <span class='ocrx_word' id='word_1_179' title='bbox 711 2647 763 2719; x_wconf 81' lang='grc' dir='ltr'><strong><em>ὅτι</em></strong></span> <span class='ocrx_word' id='word_1_180' title='bbox 776 2647 890 2719; x_wconf 86' lang='grc' dir='ltr'><strong><em>ἀνισοι</em></strong></span> <span class='ocrx_word' id='word_1_181' title='bbox 905 2650 940 2718; x_wconf 79' lang='grc' dir='ltr'><strong><em>οἱ</em></strong></span> <span class='ocrx_word' id='word_1_182' title='bbox 946 2647 1073 2717; x_wconf 89' lang='grc' dir='ltr'><strong><em>κύκλοι.</em></strong></span> <span class='ocrx_word' id='word_1_183' title='bbox 1092 2668 1126 2718; x_wconf 80' lang='grc' dir='ltr'><strong><em>νο</em></strong></span> 
     </span>
     <span class='ocr_line' id='line_1_22' title="bbox 62 2753 1076 2843; baseline -0.001 -21"><span class='ocrx_word' id='word_1_184' title='bbox 62 2758 94 2822; x_wconf 86' lang='grc' dir='ltr'><strong><em>εί</em></strong></span> <span class='ocrx_word' id='word_1_185' title='bbox 115 2753 179 2841; x_wconf 79' lang='grc' dir='ltr'><strong><em>γάρ</em></strong></span> <span class='ocrx_word' id='word_1_186' title='bbox 204 2764 288 2841; x_wconf 78' lang='grc' dir='ltr'><strong><em>ίσοι,</em></strong></span> <span class='ocrx_word' id='word_1_187' title='bbox 315 2753 429 2824; x_wconf 80' lang='grc' dir='ltr'><strong><em>ἄνισοι</em></strong></span> <span class='ocrx_word' id='word_1_188' title='bbox 459 2754 496 2823; x_wconf 74' lang='grc' dir='ltr'><strong><em>δὲ</em></strong></span> <span class='ocrx_word' id='word_1_189' title='bbox 524 2760 561 2824; x_wconf 87' lang='grc' dir='ltr'><strong><em>αί</em></strong></span> <span class='ocrx_word' id='word_1_190' title='bbox 583 2753 729 2841; x_wconf 74' lang='grc' dir='ltr'><strong><em>εὐθεῖαι,</em></strong></span> <span class='ocrx_word' id='word_1_191' title='bbox 759 2754 918 2843; x_wconf 85' lang='grc' dir='ltr'><strong><em>ἀνόμοιαι</em></strong></span> <span class='ocrx_word' id='word_1_192' title='bbox 946 2756 1011 2842; x_wconf 86' lang='grc' dir='ltr'><strong><em>ἀρα</em></strong></span> <span class='ocrx_word' id='word_1_193' title='bbox 1039 2756 1076 2821; x_wconf 85' lang='grc' dir='ltr'><strong><em>αί</em></strong></span> 
     </span>
    </p>
   </div>
   <div class='ocr_carea' id='block_1_3' title="bbox 63 2861 723 3038">
    <p class='ocr_par' dir='ltr' id='par_1_3' title="bbox 63 2861 723 3038">
     <span class='ocr_line' id='line_1_23' title="bbox 63 2861 279 2945; baseline 0.014 -20"><span class='ocrx_word' id='word_1_194' title='bbox 63 2861 279 2945; x_wconf 86' lang='grc' dir='ltr'><strong><em>περιφέρειαι.</em></strong></span> 
     </span>
     <span class='ocr_line' id='line_1_24' title="bbox 417 2953 723 3038; baseline 0.003 -21"><span class='ocrx_word' id='word_1_195' title='bbox 417 2953 468 3017; x_wconf 80' lang='lat' dir='ltr'><strong><em>Ad</em></strong></span> <span class='ocrx_word' id='word_1_196' title='bbox 491 2975 581 3038; x_wconf 90' lang='lat' dir='ltr'><strong>prop.</strong></span> <span class='ocrx_word' id='word_1_197' title='bbox 605 2953 723 3019; x_wconf 87' lang='lat' dir='ltr'>XXXI.</span> 
     </span>
    </p>
   </div>
   <div class='ocr_carea' id='block_1_4' title="bbox 67 3071 1128 3269">
    <p class='ocr_par' dir='ltr' id='par_1_4' title="bbox 67 3071 1128 3269">
     <span class='ocr_line' id='line_1_25' title="bbox 130 3071 1076 3161; baseline 0.003 -24"><span class='ocrx_word' id='word_1_198' title='bbox 130 3074 181 3140; x_wconf 88' lang='grc'><strong><em>31.</em></strong></span> <span class='ocrx_word' id='word_1_199' title='bbox 210 3076 255 3139; x_wconf 80' lang='lat' dir='ltr'><strong><em>El</em></strong></span> <span class='ocrx_word' id='word_1_200' title='bbox 270 3071 310 3141; x_wconf 86' lang='grc' dir='ltr'><strong><em>τά</em></strong></span> <span class='ocrx_word' id='word_1_201' title='bbox 329 3071 510 3161; x_wconf 76' lang='grc' dir='ltr'><strong><em>ἡμικύκλια</em></strong></span> <span class='ocrx_word' id='word_1_202' title='bbox 528 3074 637 3143; x_wconf 88' lang='grc' dir='ltr'><strong><em>πάντα</em></strong></span> <span class='ocrx_word' id='word_1_203' title='bbox 656 3075 711 3143; x_wconf 82' lang='grc' dir='ltr'><strong><em>διὰ</em></strong></span> <span class='ocrx_word' id='word_1_204' title='bbox 727 3072 788 3161; x_wconf 80' lang='grc' dir='ltr'><strong><em>τὴν</em></strong></span> <span class='ocrx_word' id='word_1_205' title='bbox 803 3071 983 3161; x_wconf 83' lang='grc' dir='ltr'><strong><em>ὁμοιότητα</em></strong></span> <span class='ocrx_word' id='word_1_206' title='bbox 1002 3082 1076 3152; x_wconf 77' lang='grc' dir='ltr'><strong><em>ἴσας</em></strong></span> 
     </span>
     <span class='ocr_line' id='line_1_26' title="bbox 67 3178 1128 3269; baseline 0.007 -25"><span class='ocrx_word' id='word_1_207' title='bbox 67 3178 196 3262; x_wconf 73' lang='grc' dir='ltr'><strong><em>δέχεται</em></strong></span> <span class='ocrx_word' id='word_1_208' title='bbox 219 3182 357 3264; x_wconf 78' lang='grc' dir='ltr'><strong><em>γωνίας·</em></strong></span> <span class='ocrx_word' id='word_1_209' title='bbox 393 3179 502 3268; x_wconf 78' lang='grc' dir='ltr'><strong><em>ἀρθάς</em></strong></span> <span class='ocrx_word' id='word_1_210' title='bbox 529 3181 607 3269; x_wconf 86' lang='grc' dir='ltr'><strong><em>γάρ·</em></strong></span> <span class='ocrx_word' id='word_1_211' title='bbox 643 3179 684 3248; x_wconf 86' lang='grc' dir='ltr'><strong><em>τά</em></strong></span> <span class='ocrx_word' id='word_1_212' title='bbox 707 3180 745 3249; x_wconf 72' lang='grc' dir='ltr'><strong><em>δὲ</em></strong></span> <span class='ocrx_word' id='word_1_213' title='bbox 767 3186 901 3268; x_wconf 81' lang='grc' dir='ltr'><strong><em>μείζονα</em></strong></span> <span class='ocrx_word' id='word_1_214' title='bbox 923 3179 1075 3268; x_wconf 80' lang='grc' dir='ltr'><strong><em>τμήματα</em></strong></span> <span class='ocrx_word' id='word_1_215' title='bbox 1094 3200 1128 3251; x_wconf 77' lang='grc' dir='ltr'><strong><em>εσ</em></strong></span> 
     </span>
    </p>
   </div>
   <div class='ocr_carea' id='block_1_5' title="bbox 62 3279 1076 3447">
    <p class='ocr_par' dir='ltr' id='par_1_5' title="bbox 62 3279 1076 3447">
     <span class='ocr_line' id='line_1_27' title="bbox 62 3279 1076 3373; baseline 0.003 -18"><span class='ocrx_word' id='word_1_216' title='bbox 62 3279 113 3288; x_wconf 69' lang='grc'><em>”</em></span> <span class='ocrx_word' id='word_1_217' title='bbox 133 3307 175 3357; x_wconf 83' lang='lat'><strong><em>31.</em></strong></span> <span class='ocrx_word' id='word_1_218' title='bbox 195 3302 344 3358; x_wconf 72' lang='grc' dir='ltr'><strong><em>νοντα.</em></strong></span> <span class='ocrx_word' id='word_1_219' title='bbox 364 3303 397 3371; x_wconf 79' lang='grc' dir='ltr'><strong><em>(Ρ</em></strong></span> <span class='ocrx_word' id='word_1_220' title='bbox 415 3308 445 3361; x_wconf 80' lang='lat' dir='ltr'><strong><em>et</em></strong></span> <span class='ocrx_word' id='word_1_221' title='bbox 463 3305 560 3360; x_wconf 77' lang='lat' dir='ltr'>multis</span> <span class='ocrx_word' id='word_1_222' title='bbox 578 3304 683 3359; x_wconf 61' lang='grc' dir='ltr'><strong><em>νοτε</em></strong></span> <span class='ocrx_word' id='word_1_223' title='bbox 703 3306 803 3373; x_wconf 64' lang='lat' dir='ltr'><strong>eum).</strong></span> <span class='ocrx_word' id='word_1_224' title='bbox 835 3306 908 3360; x_wconf 76' lang='lat' dir='ltr'><strong>Ante</strong></span> <span class='ocrx_word' id='word_1_225' title='bbox 921 3305 976 3360; x_wconf 83' lang='lat' dir='ltr'><strong><em>hoc</em></strong></span> <span class='ocrx_word' id='word_1_226' title='bbox 990 3320 1076 3358; x_wconf 79' lang='lat' dir='ltr'><strong>unum</strong></span> 
     </span>
     <span class='ocr_line' id='line_1_28' title="bbox 62 3372 676 3447; baseline 0.007 -20"><span class='ocrx_word' id='word_1_227' title='bbox 62 3373 149 3429; x_wconf 78' lang='lat' dir='ltr'><strong>schol.</strong></span> <span class='ocrx_word' id='word_1_228' title='bbox 169 3389 249 3429; x_wconf 76' lang='lat' dir='ltr'><strong>enan.</strong></span> <span class='ocrx_word' id='word_1_229' title='bbox 269 3372 299 3428; x_wconf 90' lang='lat' dir='ltr'><strong><em>in</em></strong></span> <span class='ocrx_word' id='word_1_230' title='bbox 317 3373 347 3442; x_wconf 83' lang='lat' dir='ltr'><strong><em>F,</em></strong></span> <span class='ocrx_word' id='word_1_231' title='bbox 366 3377 511 3447; x_wconf 73' lang='lat' dir='ltr'>complura</span> <span class='ocrx_word' id='word_1_232' title='bbox 529 3391 609 3431; x_wconf 76' lang='grc' dir='ltr'><strong><em>ετεει.</em></strong></span> <span class='ocrx_word' id='word_1_233' title='bbox 627 3374 676 3431; x_wconf 65' lang='grc' dir='ltr'><strong><em>λη).</em></strong></span> 
     </span>
    </p>
   </div>
   <div class='ocr_carea' id='block_1_6' title="bbox 63 3481 1077 3897">
    <p class='ocr_par' dir='ltr' id='par_1_6' title="bbox 63 3481 1077 3897">
     <span class='ocr_line' id='line_1_29' title="bbox 136 3481 1076 3551; baseline 0.003 -18"><span class='ocrx_word' id='word_1_234' title='bbox 136 3485 159 3533; x_wconf 91' lang='grc'><strong><em>1.</em></strong></span> <span class='ocrx_word' id='word_1_235' title='bbox 189 3482 386 3536; x_wconf 73' lang='grc' dir='ltr'><strong><em>ονοταθειοῶν</em></strong></span> <span class='ocrx_word' id='word_1_236' title='bbox 427 3482 463 3549; x_wconf 87' lang='grc' dir='ltr'><strong><em>Β,</em></strong></span> <span class='ocrx_word' id='word_1_237' title='bbox 492 3486 602 3538; x_wconf 66' lang='lat' dir='ltr'><strong><em>ovata&amp;</em></strong></span> <span class='ocrx_word' id='word_1_238' title='bbox 623 3483 657 3551; x_wconf 80' lang='grc' dir='ltr'><strong><em>Ρ,</em></strong></span> <span class='ocrx_word' id='word_1_239' title='bbox 687 3500 791 3538; x_wconf 78' lang='grc' dir='ltr'><strong><em>ουσιαι</em></strong></span> <span class='ocrx_word' id='word_1_240' title='bbox 813 3482 877 3538; x_wconf 63' lang='grc' dir='ltr'><strong><em>ἵει.</em></strong></span> <span class='ocrx_word' id='word_1_241' title='bbox 901 3485 931 3537; x_wconf 75' lang='lat' dir='ltr'><strong><em>et</em></strong></span> <span class='ocrx_word' id='word_1_242' title='bbox 951 3484 1017 3537; x_wconf 69' lang='lat' dir='ltr'><strong><em>anto</em></strong></span> <span class='ocrx_word' id='word_1_243' title='bbox 1035 3481 1076 3536; x_wconf 77' lang='lat' dir='ltr'><strong><em>la·</em></strong></span> 
     </span>
     <span class='ocr_line' id='line_1_30' title="bbox 64 3549 1076 3621; baseline 0.004 -18"><span class='ocrx_word' id='word_1_244' title='bbox 64 3566 165 3604; x_wconf 81' lang='lat' dir='ltr'><strong>cunam</strong></span> <span class='ocrx_word' id='word_1_245' title='bbox 183 3550 214 3605; x_wconf 82' lang='lat' dir='ltr'><strong><em>F.</em></strong></span> <span class='ocrx_word' id='word_1_246' title='bbox 296 3557 321 3606; x_wconf 78' lang='lat'><strong><em>2.</em></strong></span> <span class='ocrx_word' id='word_1_247' title='bbox 341 3556 390 3621; x_wconf 85' lang='grc' dir='ltr'><strong><em>μεί</em></strong></span> <span class='ocrx_word' id='word_1_248' title='bbox 404 3573 437 3609; x_wconf 92' lang='grc' dir='ltr'><strong><em>ον</em></strong></span> <span class='ocrx_word' id='word_1_249' title='bbox 455 3555 496 3607; x_wconf 81' lang='lat' dir='ltr'><strong><em>B?</em></strong></span> <span class='ocrx_word' id='word_1_250' title='bbox 578 3560 603 3610; x_wconf 82' lang='lat'><strong><em>³.</em></strong></span> <span class='ocrx_word' id='word_1_251' title='bbox 623 3556 684 3610; x_wconf 81' lang='grc' dir='ltr'><strong><em>ἴσον</em></strong></span> <span class='ocrx_word' id='word_1_252' title='bbox 701 3552 822 3608; x_wconf 79' lang='lat' dir='ltr'><strong>BFVat.</strong></span> <span class='ocrx_word' id='word_1_253' title='bbox 906 3549 1076 3619; x_wconf 78' lang='grc' dir='ltr'><strong><em>’1.ἀνίοοος]</em></strong></span> 
     </span>
     <span class='ocr_line' id='line_1_31' title="bbox 63 3615 1077 3696; baseline 0.003 -22"><span class='ocrx_word' id='word_1_254' title='bbox 63 3615 164 3684; x_wconf 80' lang='grc' dir='ltr'><strong><em>ἀνίσοις</em></strong></span> <span class='ocrx_word' id='word_1_255' title='bbox 178 3622 242 3678; x_wconf 81' lang='lat' dir='ltr'><strong>Vat.</strong></span> <span class='ocrx_word' id='word_1_256' title='bbox 313 3618 466 3695; x_wconf 84' lang='grc' dir='ltr'><strong><em>ἀνομοίους</em></strong></span> <span class='ocrx_word' id='word_1_257' title='bbox 479 3624 510 3679; x_wconf 91' lang='grc' dir='ltr'><strong><em>Β.</em></strong></span> <span class='ocrx_word' id='word_1_258' title='bbox 578 3626 763 3696; x_wconf 81' lang='grc' dir='ltr'><strong><em>περιφερείας</em></strong></span> <span class='ocrx_word' id='word_1_259' title='bbox 775 3619 937 3680; x_wconf 76' lang='grc' dir='ltr'><strong><em>ἀποτείνειν</em></strong></span> <span class='ocrx_word' id='word_1_260' title='bbox 950 3623 982 3679; x_wconf 88' lang='grc' dir='ltr'><strong><em>Β.</em></strong></span> <span class='ocrx_word' id='word_1_261' title='bbox 1052 3628 1077 3677; x_wconf 84' lang='grc'><strong><em>8.</em></strong></span> 
     </span>
     <span class='ocr_line' id='line_1_32' title="bbox 64 3686 1063 3767; baseline 0.004 -22"><span class='ocrx_word' id='word_1_262' title='bbox 64 3686 250 3762; x_wconf 79' lang='grc' dir='ltr'><strong><em>ἀντιστρόφια</em></strong></span> <span class='ocrx_word' id='word_1_263' title='bbox 270 3693 301 3748; x_wconf 88' lang='grc' dir='ltr'><strong><em>Β.</em></strong></span> <span class='ocrx_word' id='word_1_264' title='bbox 383 3702 407 3749; x_wconf 85' lang='grc'><strong><em>9.</em></strong></span> <span class='ocrx_word' id='word_1_265' title='bbox 426 3694 492 3767; x_wconf 85' lang='grc' dir='ltr'><strong><em>μέν]</em></strong></span> <span class='ocrx_word' id='word_1_266' title='bbox 512 3693 565 3766; x_wconf 74' lang='grc' dir='ltr'><strong><em>μλν</em></strong></span> <span class='ocrx_word' id='word_1_267' title='bbox 583 3687 636 3750; x_wconf 82' lang='grc' dir='ltr'><strong><em>σύν</em></strong></span> <span class='ocrx_word' id='word_1_268' title='bbox 655 3697 691 3763; x_wconf 76' lang='grc' dir='ltr'><strong><em>Β,</em></strong></span> <span class='ocrx_word' id='word_1_269' title='bbox 710 3695 774 3751; x_wconf 77' lang='lat' dir='ltr'><strong>Vat.</strong></span> <span class='ocrx_word' id='word_1_270' title='bbox 793 3714 829 3750; x_wconf 91' lang='lat' dir='ltr'><strong><em>m.</em></strong></span> <span class='ocrx_word' id='word_1_271' title='bbox 848 3701 873 3751; x_wconf 77' lang='lat'><strong><em>2.</em></strong></span> <span class='ocrx_word' id='word_1_272' title='bbox 966 3701 1008 3751; x_wconf 88' lang='grc'><strong><em>10.</em></strong></span> <span class='ocrx_word' id='word_1_273' title='bbox 1031 3693 1063 3750; x_wconf 87' lang='grc' dir='ltr'><strong><em>τύ</em></strong></span> 
     </span>
     <span class='ocr_line' id='line_1_33' title="bbox 64 3762 1065 3839; baseline 0.005 -23"><span class='ocrx_word' id='word_1_274' title='bbox 64 3764 165 3832; x_wconf 69' lang='lat' dir='ltr'>postea</span> <span class='ocrx_word' id='word_1_275' title='bbox 183 3764 234 3819; x_wconf 76' lang='lat' dir='ltr'>ins.</span> <span class='ocrx_word' id='word_1_276' title='bbox 255 3782 291 3818; x_wconf 91' lang='lat' dir='ltr'><strong><em>m.</em></strong></span> <span class='ocrx_word' id='word_1_277' title='bbox 313 3772 325 3820; x_wconf 92' lang='lat'>1</span> <span class='ocrx_word' id='word_1_278' title='bbox 346 3764 411 3822; x_wconf 80' lang='lat' dir='ltr'><strong>vat.</strong></span> <span class='ocrx_word' id='word_1_279' title='bbox 473 3772 515 3821; x_wconf 81' lang='lat'><strong><em>1³.</em></strong></span> <span class='ocrx_word' id='word_1_280' title='bbox 535 3763 564 3820; x_wconf 87' lang='grc' dir='ltr'><strong><em>οί</em></strong></span> <span class='ocrx_word' id='word_1_281' title='bbox 580 3763 692 3839; x_wconf 86' lang='grc' dir='ltr'><strong><em>κύκλοι]</em></strong></span> <span class='ocrx_word' id='word_1_282' title='bbox 712 3766 792 3823; x_wconf 80' lang='lat' dir='ltr'><strong>scrib.</strong></span> <span class='ocrx_word' id='word_1_283' title='bbox 807 3762 909 3824; x_wconf 83' lang='grc' dir='ltr'><strong><em>ἀνιοοι.</em></strong></span> <span class='ocrx_word' id='word_1_284' title='bbox 971 3772 1012 3823; x_wconf 76' lang='grc'><strong><em>16.</em></strong></span> <span class='ocrx_word' id='word_1_285' title='bbox 1031 3763 1065 3822; x_wconf 89' lang='grc' dir='ltr'><strong><em>αί</em></strong></span> 
     </span>
     <span class='ocr_line' id='line_1_34' title="bbox 64 3832 943 3897; baseline 0.011 -11"><span class='ocrx_word' id='word_1_286' title='bbox 64 3848 118 3887; x_wconf 84' lang='lat' dir='ltr'><strong><em>om.</em></strong></span> <span class='ocrx_word' id='word_1_287' title='bbox 137 3834 229 3890; x_wconf 68' lang='grc' dir='ltr'><strong><em>Πολ.</em></strong></span> <span class='ocrx_word' id='word_1_288' title='bbox 304 3843 345 3892; x_wconf 84' lang='grc'><strong><em>19.</em></strong></span> <span class='ocrx_word' id='word_1_289' title='bbox 365 3832 462 3894; x_wconf 86' lang='grc' dir='ltr'><strong><em>ἀνισαι</em></strong></span> <span class='ocrx_word' id='word_1_290' title='bbox 481 3837 545 3894; x_wconf 78' lang='lat' dir='ltr'>Vat.</span> <span class='ocrx_word' id='word_1_291' title='bbox 619 3844 665 3897; x_wconf 68' lang='grc' dir='ltr'><strong><em>λλ.</em></strong></span> <span class='ocrx_word' id='word_1_292' title='bbox 684 3836 725 3895; x_wconf 71' lang='grc' dir='ltr'><strong><em>τίς</em></strong></span> <span class='ocrx_word' id='word_1_293' title='bbox 743 3835 777 3897; x_wconf 75' lang='grc' dir='ltr'><strong><em>το</em></strong></span> <span class='ocrx_word' id='word_1_294' title='bbox 793 3835 817 3895; x_wconf 78' lang='grc' dir='ltr'><strong><em>’λ’</em></strong></span> <span class='ocrx_word' id='word_1_295' title='bbox 838 3837 943 3896; x_wconf 59' lang='grc' dir='ltr'><strong><em>ΒΝ..</em></strong></span> 
     </span>
    </p>
   </div>
   <div class='ocr_carea' id='block_1_7' title="bbox 0 0 1234 4236">
    <p class='ocr_par' dir='ltr' id='par_1_7' title="bbox 0 0 1234 4236">
     <span class='ocr_line' id='line_1_35' title="bbox 0 0 1234 4236; baseline 0 0"><span class='ocrx_word' id='word_1_296' title='bbox 0 0 1234 4236; x_wconf 95' lang='lat' dir='ltr'><strong><em> </em></strong></span> 
     </span>
    </p>
   </div>
  </div>
 </body>
</html>
