2424 4320
129 437 194 503 686
402 439 584 490 mmm
602 436 875 490 scnomomm

129 579 195 648 ἀπὸ
219 582 281 647 τοῦ
304 581 446 666 κέντρου
467 588 529 646 τοῦ
551 575 689 662 κύκλου,
713 578 750 644 έν
774 567 801 664 ᾧ
826 572 1045 662 ἐγγράφεται,
1070 581 1149 641 ἰσον

130 687 199 756 ἐστὶ
221 690 262 774 τῇ
284 689 346 754 τοῦ
370 687 603 770 δωδεκαέδρου
626 687 815 773 ἐπιφανείᾳ.
850 679 1010 760 ὡσαύτως
1032 680 1091 748 καὶ
1110 678 1151 747 τὸ

129 792 360 880 τριακοντάκις
390 788 457 859 ύπό
485 796 544 877 τῆς
570 794 631 858 τοῦ
660 787 862 876 ἰσοπλεύρου
888 787 1061 876 τριγώνου
1092 787 1151 854 καί

128 904 187 984 τῆς
210 900 262 966 έπί
285 897 411 983 ταύτην
434 899 582 965 καθέτου
605 893 671 965 άπὸ
693 898 835 984 κέντρον
856 898 917 963 τοῦ
940 893 1087 980 κύκλου,
1112 895 1150 961 ἐν

95 1027 110 1074 5
131 997 158 1097 ᾧ
182 1004 383 1091 ἐγγράφεται
405 1001 444 1071 τὸ
461 1007 618 1071 τοιοῦτον
637 1008 815 1090 τρίγωνον,
839 1011 915 1070 ἰσον
934 1000 1003 1068 ἐστὶ
1021 1003 1065 1088 τῇ
1085 1003 1151 1068 τοῦ

130 1113 348 1198 εἰκοσαέδρου
376 1111 563 1198 ἐπιφανείᾳ.
607 1110 664 1176 καί
692 1105 738 1188 ώς
764 1107 830 1195 άρα
857 1106 879 1194 ἡ
903 1114 933 1175 Θ
958 1104 1045 1191 πρὸς
1069 1112 1150 1189 ΔΓ,

130 1216 237 1296 οὕτως
268 1213 289 1302 ἡ
316 1220 378 1284 τοῦ
407 1216 641 1301 δωδεκαέδρου
669 1213 846 1301 ἐπιφάνεια
875 1211 960 1300 πρὸς
986 1209 1052 1297 τὴν
1087 1215 1150 1280 τοῦ

129 1324 354 1407 εἰκοσαέδρου.

197 1432 249 1495 21.
275 1424 372 1495 Ἀλλδι
389 1425 428 1494 τὸ
447 1423 514 1493 ὑπὸ
534 1434 616 1512 ΑΔ,
635 1431 708 1492 ΒΗ
725 1450 754 1512 p.
770 1428 822 1510 20,
839 1428 896 1508 20]
920 1422 958 1491 τὸ
977 1421 1045 1510 γὰρ
1065 1451 1147 1512 παρ-

78 1557 110 1605 10
129 1533 410 1621 αλληλύγραμμον
441 1531 479 1601 τὸ
512 1531 751 1619 περιεχόμενον
781 1527 847 1598 ὑπὸ
877 1534 936 1616 τῆς
964 1539 1054 1616 ΑΔ,
1078 1537 1153 1600 ΒΗ

130 1639 309 1708 διπλάσιόν
333 1641 402 1708 έστι
424 1643 487 1707 τοῦ
509 1644 614 1706 ΑΒΔ
636 1636 812 1724 τριγώνου.

195 1750 247 1813 22.
284 1746 329 1814 Τὸ
352 1743 419 1813 ὑπὸ
444 1753 519 1829 ΑΖ,
537 1751 607 1812 ΗΘ
630 1746 774 1813 διπλοῦν
796 1770 827 1832 p.
851 1747 905 1829 22,
930 1747 963 1827 1]
993 1742 1057 1811 έδιν
1080 1745 1146 1830 γὰρ

128 1849 215 1932 ὕψος
233 1850 350 1920 κοινὸν
369 1851 560 1937 ποιήσωμεν
579 1849 642 1936 τὴν
658 1858 733 1936 ΖΑ,
752 1855 843 1918 ἔσται
862 1847 907 1929 ώς
922 1845 942 1935 ἡ
958 1856 1028 1917 ΗΘ
1047 1850 1147 1936 βάσις

128 1957 211 2045 πρὸς
234 1964 300 2025 ΘΓ
323 1957 439 2042 βάσιν,
468 1954 555 2024 οὕτω
583 1955 621 2024 τὸ
644 1954 709 2023 ὑπὸ
734 1962 817 2041 ΗΘ,
841 1963 906 2023 ΖΑ
932 1956 1147 2042 παραλληλό-

78 2086 108 2133 15
128 2090 282 2150 γραμμον
305 2061 388 2150 πρὸς
409 2060 447 2131 τὸ
471 2062 538 2131 ὑπὸ
563 2069 636 2149 ΘΓ,
659 2071 724 2130 ΖΑ
745 2063 1110 2149 παραλληλόγραμμον.

195 2174 246 2238 23.
282 2168 495 2255 Ἰσόπλευρον
523 2168 588 2257 ἄρα
616 2173 689 2237 ἐστι’
712 2195 742 2256 p.
766 2173 819 2256 22,
842 2173 899 2252 21]
929 2169 1000 2236 έπεί
1029 2167 1096 2255 γὰρ
1123 2167 1144 2255 ἡ

133 2285 191 2344 ΕΖ
215 2286 270 2363 ἰση
290 2269 375 2343 οὖσα
393 2287 433 2363 τῇ
453 2287 485 2343 Α
491 2284 532 2344 E·
557 2279 593 2343 έκ
611 2279 753 2363 κέντρου
770 2276 850 2360 γάρ·
874 2279 975 2362 διπλῆ
995 2278 1067 2344 έστι
1086 2280 1145 2362 τῆς

127 2384 180 2451 έπί
203 2382 266 2468 τὴν
289 2383 390 2469 βάσιν
408 2386 469 2449 τοῦ
484 2390 604 2449 ΑΔΜ
621 2381 790 2468 τριγώνου
808 2381 976 2469 ἀγομένης
994 2381 1063 2450 ἀπὸ
1082 2386 1144 2452 τοῦ

127 2490 268 2575 κέντρου
290 2494 351 2558 τοτ’
375 2488 516 2574 κύκλου,
547 2491 584 2556 έν
607 2480 634 2579 ᾧ
658 2490 875 2575 ἐγγέγραπται
898 2515 936 2557 το
960 2496 1144 2576 τρίγωνον,

74 2616 108 2665 20
128 2596 330 2680 ἰσόπλευρόν
353 2597 421 2662 έστι
444 2595 482 2662 τὸ
507 2604 538 2661 Α
546 2603 628 2661 ΔΜ
645 2601 821 2682 τρίγωνον.

193 2707 246 2770 24.
295 2702 340 2770 Τό
375 2701 412 2768 δὲ
443 2697 510 2769 ὑπὸ
539 2707 650 2767 ΑΗΔ
681 2726 710 2787 p.
732 2705 784 2788 22,
807 2705 863 2785 23]
896 2701 934 2769 τὸ
965 2701 1031 2787 γὰρ
1060 2728 1141 2790 παρ-

126 2808 407 2895 αλληλόγραμμον
435 2806 473 2875 τὸ
504 2806 570 2875 ὑπὸ
595 2814 706 2874 ΑΗΔ
733 2807 970 2895 περιεχόμενον
995 2813 1142 2877 διπλοῦν

126 2917 193 2982 έστι
217 2925 278 2982 τοῦ
302 2920 417 2981 ΑΔΗ
435 2912 616 2999 τριγώνου·
641 2921 716 2980 ἰσον
739 2912 806 3001 άρα
828 2918 874 3005 τῷ
898 2924 930 2980 Α
938 2920 1024 2981 ΔΜ.

193 3024 243 3088 25.
281 3018 398 3087 Ἔστιν
429 3018 495 3103 άρα
527 3017 572 3099 ώς
603 3016 642 3087 τὸ
673 3019 739 3087 υπό
772 3045 802 3107 p.
826 3024 883 3106 22,
910 3023 971 3103 24]
1004 3018 1044 3088 τὸ
1074 3019 1141 3089 ὑπὸ

72 3146 106 3194 25
126 3135 212 3211 AH,
240 3133 302 3193 ΘΒ
334 3127 573 3214 περιεχόμενον
604 3128 953 3213 παραλληλόγραμμον
986 3135 1064 3195 ἰσον
1095 3131 1141 3219 τῷ

124 3232 338 3323 πενταγώνου,
360 3232 399 3300 τὸ
418 3235 457 3302 δὲ
474 3231 540 3301 ὑπὸ
559 3240 670 3300 ΑΗΔ
692 3233 1043 3321 παραλληλόγραμμον
1064 3244 1141 3303 ἴσον

123 3343 169 3429 τῷ
186 3347 305 3406 ΑΔΜ
317 3340 504 3430 ἰσοπλεύρῳ
519 3341 682 3433 τριγώνῳ.
706 3338 751 3420 ώς
764 3339 830 3427 άρα
843 3338 882 3407 τὸ
896 3336 963 3406 ὑπὸ
978 3348 1061 3427 ΑΗ,
1076 3350 1139 3410 ΘΒ

124 3477 260 3484 -.-—---
269 3478 337 3486 ..-

195 3542 238 3590 21.
258 3535 303 3590 V'.
377 3543 419 3590 22.
441 3537 486 3592 V².
559 3536 668 3592 23.V¹.
741 3535 849 3592 24.V².
923 3533 1032 3591 25.V².

196 3721 219 3769 l.
240 3711 435 3782 κέντρουτοῦ]
456 3730 509 3770 om.
526 3714 559 3769 V.
633 3706 970 3780 7.1023(alt.)0m.v.'
1016 3718 1059 3769 20.
1080 3711 1138 3769 ἰσό·

122 3785 258 3857 πλευρον]
278 3802 346 3839 corr.
367 3802 401 3838 ex
419 3781 568 3852 ἰσογώνιον
587 3783 620 3838 V.
693 3783 724 3839 τό
759 3801 774 3840 e
794 3800 863 3839 corr.
883 3782 916 3838 V.
