2414 4236
216 467 372 520 scHOLIA
390 471 429 521 IN
446 469 721 523 ELEMENTORUM
739 471 878 523 LIBRUM
891 471 937 523 VI.
1011 467 1075 532 347

58 607 349 695 αλληλογράμμων
370 608 545 699 διάμετρος
559 608 579 697 ἡ
594 614 698 678 ΑΖΓ
711 610 766 677 καὶ
786 606 848 677 οὐκ
867 607 964 696 άλλη,
988 606 1077 697 εἶχεν

57 710 103 782 άν
126 715 236 800 λέγειν
261 711 279 780 ὁ
303 711 489 795 άντίθετος·
514 714 575 803 οὐχ
594 713 690 801 αὕτη,
713 712 786 782 ἀλλ’
808 714 903 801 ἑτέρα
926 711 1095 800 mr(

58 819 130 888 ἐπεὶ
163 818 200 886 δὲ
232 819 337 904 λέγει,
370 817 421 886 ὅτι
452 821 528 904 περὶ
559 818 621 907 τὴν
654 817 760 906 αότὴν
789 818 970 906 διάμετρόν
1000 824 1076 903 είσι,

57 928 162 993 ταῦτα
190 921 334 1010 όόφειλεν
362 929 468 992 είπείν
496 922 514 992 ό
543 922 719 1004 άντίθετος
747 924 977 1011 καταλλὴλως,
1010 922 1075 994 ὅτι·

57 1029 103 1119 μὴ
121 1029 200 1117 γάρ,
223 1026 297 1097 ἀλλ’
317 1034 348 1098 εί
366 1028 524 1116 δυνατόν,
548 1033 631 1098 ἔστω
651 1032 712 1098 τοῦ
731 1029 794 1116 μὲν
807 1026 884 1110 ἑνὸς
899 1029 1076 1118 διάμετρος
1095 1052 1110 1102 σ

56 1133 79 1224 ἡ
103 1142 217 1221 ΑΖΓ,
240 1139 302 1204 τοῦ
325 1136 363 1204 δὲ
385 1132 502 1223 ἑτέρον
528 1133 549 1223 ἡ
572 1141 680 1203 ΑΘΓ.
727 1134 833 1216 οὕτως
855 1134 921 1222 γάρ
945 1132 989 1206 άν
1013 1135 1075 1205 οόκ

56 1234 101 1329 ἡν
124 1246 193 1310 τῶν
217 1242 281 1310 δύο
305 1239 326 1329 ἡ
351 1239 445 1328 αὐτή,
469 1239 554 1309 άλλὰ
577 1238 661 1327 άλλη
684 1242 741 1309 καὶ
761 1240 860 1328 άλλη·
884 1239 965 1329 ὅπερ
984 1245 1075 1311 ἐστὶν

56 1350 214 1418 ἐναντίον
238 1345 285 1429 ὡς
307 1345 445 1435 άληθῶς
466 1349 522 1416 καὶ
544 1347 767 1434 καταλλὴλως.

397 1545 453 1610 Ad
476 1567 582 1631 prop.
603 1543 739 1612 XXVIL

124 1672 176 1736 41.
213 1666 362 1737 Πάντων
384 1670 454 1735 τῶν
476 1664 566 1754 παρὰ
589 1666 653 1753 τὴν
675 1665 782 1755 αότὴν
805 1665 946 1738 εόθελαν
972 1692 1075 1754 παρα·
1096 1688 1127 1737 10

55 1774 275 1861 βαλλομένων
289 1770 646 1860 παραλληλογράμμων
664 1773 720 1840 καί
734 1774 956 1844 ἐλλειπόντων
971 1777 1075 1842 είόεσι

55 1880 417 1967 παραλληλογράμμοις
440 1875 502 1947 οὐκ
525 1883 616 1948 ἔστιν
640 1880 673 1960 ἐξ
695 1877 844 1967 ἀνάγκης
861 1881 1019 1968 μέγιστον
1035 1878 1074 1948 τὸ

56 1985 124 2053 άπὸ
139 1989 198 2072 τῆς
211 1982 363 2072 ἡμισείας
376 1983 689 2072 παραβαλλόμενον,
708 1983 782 2054 ἀλλ’
799 1981 820 2073 ἡ
837 1993 913 2056 ἴσον
927 1981 948 2074 ἡ
963 1992 1076 2074 μεῖζον

58 2087 81 2176 ἢ
107 2095 253 2158 ἔλαττον.
293 2090 430 2158 πάντων
455 2089 492 2159 δὲ
514 2095 584 2159 πων
606 2088 696 2175 παρὰ
718 2090 781 2177 τὴν
803 2088 911 2179 αότὴν
933 2090 1075 2161 εόθεῑαν

58 2195 366 2282 παραβαλλομένων
388 2193 746 2282 παραλληλογράμμων
773 2195 829 2262 καὶ
852 2196 1075 2266 ἐλλειπόντων
1096 2218 1127 2266 ιο

60 2305 165 2370 είόεσι
201 2300 557 2389 παραλληλογράμμοις
595 2298 725 2387 ὁμοίοις
759 2326 795 2369 τε
825 2298 984 2389 άλλὴλοις
1019 2303 1074 2368 καὶ

58 2404 185 2494 ὁμοίως
206 2408 371 2493 κειμένοις
393 2419 440 2499 τῷ
463 2405 527 2477 άπὸ
550 2412 609 2494 τὴς
631 2404 783 2494 ἡμισείας
805 2405 1074 2498 ἀναγραφομένῳ

57 2511 215 2602 μέγιστόν
239 2515 330 2582 ἐστιν
353 2515 388 2596 ἐξ
411 2511 559 2601 άνάγκης
580 2513 618 2582 τὸ
640 2513 705 2584 ἀπὸ
724 2518 784 2602 τῆς
801 2511 953 2601 ἡμισείας
970 2538 1075 2600 παρα-

56 2618 269 2707 βαλλόμενον
293 2617 415 2707 ὅμοιον
439 2615 478 2688 ὂν
501 2624 548 2712 τῷ
573 2623 762 2707 ἐλλείμματι
785 2622 818 2702 ἐξ
842 2617 1000 2707 άνάγκης.

123 2729 175 2795 42.
213 2726 401 2814 Παραβολὴ
429 2725 518 2815 παρὰ
541 2740 612 2807 τοῖς
635 2735 879 2813 μαθηματικοῖς
901 2727 1030 2812 λέγεται
1054 2722 1073 2792 ὃ
1093 2743 1127 2793 20

57 2832 230 2919 μερισμός·
252 2837 461 2920 παραβαλεῖν
479 2831 545 2918 γάρ
564 2829 713 2920 άριθμόν
731 2830 819 2919 παρὰ
836 2829 986 2918 ἀριθμόν
1006 2832 1074 2899 ἐστι

56 2938 94 3005 τὸ
118 2943 252 3024 μερίσαι
274 2935 335 3006 τὸν
358 2940 494 3023 μείζονα
517 2942 567 3019 είς
587 2936 650 3006 τὸν
673 2936 833 3005 ἐλάττονα
858 2933 935 3023 ἡτοι
958 2939 1073 3021 δείξαι,
1129 3026 1133 3032 ¹

55 3043 197 3123 ποσάκις
220 3040 239 3112 ό
263 3041 408 3112 ἐλάττων
431 3045 616 3130 περιέχεται
638 3040 706 3112 ὑπὸ
729 3047 790 3111 τοῦ
812 3046 971 3129 μείζονος.

123 3154 176 3218 43.
214 3146 272 3217 Δι’
298 3146 456 3236 άριθμόν
481 3153 612 3230 ἕκθεσις
634 3148 690 3217 καὶ
713 3145 882 3229 ἀπόδειξις
903 3156 966 3215 τοῦ
988 3156 1076 3215 &em-¹

55 3256 216 3343 ρὴματος·
257 3255 347 3341 παρὰ
378 3252 443 3341 γάρ
473 3251 535 3341 τὴν
557 3262 591 3321 Α
597 3261 625 3322 Β
652 3253 791 3323 εὐθεῖαν
822 3256 939 3341 πηχῶν
970 3255 1073 3340 τνγὸν
1092 3274 1128 3327 οε

128 3438 171 3488 41.
190 3431 284 3500 Bv·q
298 3431 361 3503 αν).
433 3437 477 3487 ιν.
497 3429 603 3502 v·13·q
613 3429 676 3502 (ι’).
747 3434 792 3488 ιε.
810 3425 859 3484 ω.

130 3597 170 3646 13.
191 3586 262 3663 άπό]
282 3584 314 3645 ἐκ
332 3590 366 3646 V.
439 3593 502 3649 ἴσον
521 3585 539 3660 ἢ
558 3587 668 3660 μεῖζον]
691 3590 786 3658 μεῖζον
804 3581 823 3658 ἡ
843 3588 904 3644 ἴσον
921 3587 956 3643 V.
1032 3595 1073 3644 14.

57 3660 187 3734 ἔλαττον]
208 3659 327 3718 ἔλασσον
341 3665 394 3716 καί
409 3681 435 3733 q.
510 3666 552 3716 15.
571 3655 880 3731 παραλληλογράμμων]
899 3659 1075 3747 παραλληλό-

55 3753 187 3805 γραμμον
205 3733 238 3788 V.
331 3739 373 3788 10.
396 3733 441 3805 τε]
467 3744 521 3786 om.
540 3729 598 3801 Vq.
692 3736 734 3786 1⁷.
757 3730 808 3802 τῷ]
829 3727 862 3784 τό
880 3728 913 3785 V.
1004 3749 1073 3784 ανα-

57 3804 243 3874 γραφόμενον
261 3803 296 3871 V,
315 3799 563 3873 άναγραφομίνων
582 3820 610 3872 q.
682 3806 725 3856 λθ.
744 3799 871 3874 λέγεταιὴ
888 3817 942 3857 om.
961 3799 994 3855 B.
