2414 4236
459 71 492 90 ιιί

336 460 517 510 ΑΡΡΕΝΒΙΧ
537 457 772 509 εοΗοιοοιιοΜ
787 458 808 508 1.
1018 454 1082 518 685

69 601 125 667 καί
148 600 255 666 πάντα
279 599 402 683 ἑξάκις,
433 595 508 684 ἤτοι
529 595 570 664 τὰ
592 601 669 683 τρία
691 594 1020 683 παραλληλόγραμμα
1043 593 1083 662 τὰ

69 703 135 773 ὑπὸ
161 712 239 790 ΔΕ,
262 709 332 772 ΒΓ
348 703 467 770 καὶτὰ
491 703 553 771 όώο
576 709 723 789 τρίγωνα
745 699 785 769 τὰ
811 707 925 768 ΑΒΓ
955 706 1084 787 γίνεται

72 803 135 878 οὖν
154 811 194 877 τὰ
214 809 275 896 μὲν
292 808 483 895 τριάκοντα,
501 807 541 876 τίι
562 807 600 876 δέ
618 816 737 875 εἰκοσι·
760 815 866 874 εἰκοσι
880 804 918 873 δέ
930 803 971 873 τὰ
986 810 1089 872 ΑΒΓ

71 923 219 1004 τρίγωνα
242 916 263 1004 ἡ
288 912 466 1002 ἐπιφάνειά
490 916 559 983 ἐστι
583 918 644 982 τοῦ
666 914 894 1000 εἰκοσαέδρου.

139 1027 193 1090 20.
226 1019 315 1089 Ἐπεί
337 1025 395 1108 της
414 1026 516 1089 ΕΒΓ
534 1017 579 1100 ώς
601 1029 679 1106 μιᾶς
701 1015 837 1106 ἡμίσειά
860 1020 951 1087 ἐστιν
974 1015 995 1105 ἡ
1015 1024 1090 1087 ΕΗ
1122 1041 1138 1090 ο

74 1128 129 1196 διὰ
155 1128 192 1197 τὸ
216 1130 351 1215 πρῶτον
372 1131 435 1195 τοῦ
457 1125 624 1214 παρόντος
641 1132 787 1212 βιβλίου,
810 1130 879 1193 ἔστι
898 1125 936 1194 δὲ
954 1126 1007 1192 καί
1027 1131 1087 1212 τῆς

74 1243 138 1303 ΕΒ
160 1233 295 1321 ἡμίσεια
318 1231 416 1319 ἡΕΖ
441 1232 497 1301 διὰ
520 1231 557 1300 τὸ
581 1231 728 1318 πόρισμα
745 1243 806 1300 τοῦ
827 1229 933 1300 αὐτοῦ
952 1232 1104 1316 κρώτουΙ

73 1340 302 1428 θεωρήματος,
326 1338 372 1417 ώς
391 1337 456 1424 ἄρα
476 1336 496 1424 ἡ
512 1343 614 1405 ΕΒΓ
628 1335 689 1423 όλη
703 1337 787 1423 πρὸς
800 1336 863 1423 τὴν
878 1345 957 1422 ΕΗ,
981 1334 1088 1417 οὕτως

74 1447 94 1535 ἡ
119 1454 183 1515 ΕΒ
211 1445 295 1533 πρὸς
320 1453 396 1513 ΕΖ·
433 1447 532 1528 διπλῆ
567 1443 631 1529 γὰρ
660 1445 796 1529 ἑκατέρα
826 1444 987 1528 ἑκατέρας.
1032 1446 1087 1512 καί

74 1553 230 1638 ἐναλλάξ,
264 1548 309 1632 ώς
337 1550 357 1638 ἡ
382 1557 485 1618 ΕΒΓ
508 1548 569 1636 ὅλη
593 1549 677 1637 πρὸς
700 1557 777 1617 ΕΒ·
812 1552 998 1637 τεμνομένη
1021 1549 1086 1637 γὰρ
1107 1570 1141 1620 ιο

75 1661 180 1750 ἄκρον
203 1661 260 1727 καί
283 1661 387 1747 μέσον
410 1656 514 1744 λόγον
536 1662 649 1744 μεῖζον
671 1668 783 1743 τμῆμα
803 1662 869 1744 ἔχει
886 1655 924 1725 τό
945 1664 1007 1724 ΕΒ
1031 1655 1088 1725 διὰ

74 1767 111 1837 τό
139 1767 179 1835 θ’
206 1770 269 1834 τοῦ
296 1764 344 1851 ιγ’
372 1769 520 1850 βιβλίου·
558 1761 646 1832 οὕτω
674 1764 730 1831 καί
758 1760 779 1849 ἡ
809 1770 882 1831 ΕΗ
905 1761 988 1850 πρὸς
1017 1770 1089 1830 ΕΖ.

74 1874 259 1961 τεμνομένη
293 1870 358 1955 ἄρα
389 1873 445 1939 καί
478 1867 498 1956 ἡ
529 1869 603 1937 ΕΗ
630 1868 735 1958 ἄκρον
767 1870 823 1937 καὶ
852 1871 956 1956 μέσον
986 1867 1089 1954 λόγον

75 1987 187 2066 μεῖζον
210 1980 274 2058 ἕξει
297 1981 408 2063 τμῆμα
430 1978 469 2045 τὸ
492 1983 560 2044 ΕΖ.
597 1974 757 2044 ἀλλὰκαὶ
776 1973 841 2062 ἡΘ
863 1974 965 2063 ἢτοῦ
983 1974 1090 2061 κύβον

76 2084 219 2169 πλευρά,
251 2088 283 2151 εἰ
308 2081 516 2167 τμηθήσεται
543 2080 650 2165 ἄκρον
680 2083 737 2149 καί
764 2084 871 2170 μέσον
898 2082 1018 2168 λόγον,
1050 2079 1088 2150 τὸ
1110 2099 1144 2150 1⁶

75 2198 187 2278 μεῖζον
215 2192 279 2271 ἕξει
308 2191 420 2274 τμῆμα
447 2185 510 2273 την
532 2197 595 2254 τοῦ
619 2187 839 2273 πενταγώνου
861 2187 1010 2273 πλευρὰν
1034 2189 1090 2257 διὰ

75 2299 114 2366 τὸ
145 2295 292 2383 πόρισμα
324 2303 386 2362 τοῦ
413 2291 456 2375 ιζ’
479 2296 540 2361 τοῦ
569 2292 616 2379 ιγ’
645 2298 789 2380 βιβλίου.
841 2291 885 2373 ώς
917 2291 982 2382 όιρα
1014 2293 1035 2382 ἡ
1062 2303 1091 2364 Θ

76 2403 160 2491 πρὸς
186 2400 248 2488 τὴν
276 2407 336 2470 ΓΑ
363 2399 426 2486 τὴν
454 2404 515 2468 τοῦ
542 2399 761 2485 πενταγώνου
788 2398 953 2486 πλευρόν,
985 2399 1092 2483 οὕτως

77 2508 99 2596 ἡ
128 2515 203 2577 ΕΗ
230 2505 313 2594 πρὸς
340 2514 412 2575 ΕΖ.
461 2505 499 2574 τὸ
528 2503 595 2593 ἄρα
622 2504 688 2575 ὑπό
715 2511 775 2593 τῆς
804 2513 833 2574 Θ
859 2507 915 2574 καὶ
942 2512 1002 2594 της
1029 2516 1091 2576 ΕΖ

78 2628 153 2686 ἰσον
177 2621 269 2684 ἔσται
291 2619 337 2704 τῷ
355 2611 420 2682 ὑπὸ
439 2617 508 2682 τών
528 2619 597 2682 ΑΓ
614 2614 670 2681 καί
688 2621 760 2682 ΗΕ
781 2612 893 2683 διὰτὸ
913 2613 959 2689 ις’
978 2619 1040 2684 τοῦ
1059 2606 1091 2695 ς’
1111 2635 1146 2685 20

77 2729 222 2811 βιβλίου.
271 2722 309 2789 τὸ
338 2719 404 2808 ἄρα
431 2717 496 2789 ὑπὸ
527 2724 588 2806 τῆς
614 2728 643 2789 Θ
674 2720 730 2787 καί
759 2728 821 2788 ΕΖ
853 2720 1092 2808 περιεχόμενον

78 2827 428 2915 παραλληλόγραμμον
450 2824 534 2911 πρὸς
555 2824 594 2894 τὸ
617 2823 683 2894 ὑπὸ
707 2830 767 2912 της
791 2832 873 2912 ΔΓ,
899 2834 960 2895 ΕΖ
988 2827 1093 2914 λόγον

80 2937 159 3020 ἕξει,
187 2930 228 3002 ὃν
252 2930 273 3019 ἡ
298 2941 327 3002 Θ
353 2932 452 3020 βάσις
474 2931 559 3018 πρὸς
582 2938 653 3001 ΔΓ
675 2934 777 3019 βόσιν
804 2933 921 3002 διὰτὸ
946 2936 984 3002 τό
1010 2932 1092 3003 αὐτό

79 3038 165 3120 ὕψος
188 3039 362 3127 ἔχειντὴν
386 3046 457 3107 ΕΖ.
498 3039 554 3106 καί
577 3036 623 3120 ὡς
645 3037 712 3127 ἄρα
735 3037 756 3125 ἡ
780 3047 810 3108 Θ
831 3038 916 3126 πρὸς
938 3039 1001 3126 τὴν
1020 3046 1093 3127 ΓΔ,

81 3143 186 3226 οὕτως
204 3144 241 3215 τὸ
261 3143 328 3214 ὑπὸ
348 3150 419 3229 ΓΑ,
433 3150 506 3212 ΗΕ
521 3143 605 3231 πρὸς
622 3142 660 3212 τό
679 3142 745 3213 ὑπὸ
765 3151 838 3231 ΓΔ,
853 3151 924 3213 ΖΕ.
956 3148 1092 3234 ἐδείχθη
1112 3167 1147 3217 25

81 3252 129 3336 δέ,
154 3249 206 3319 ότι
227 3250 266 3320 τὸ
289 3249 523 3339 τριακοντάκις
545 3247 611 3319 ὑπὸ
635 3261 714 3338 μιᾶς
735 3256 797 3321 τοῦ
817 3251 1020 3339 ἰσοπλεύρου
1038 3253 1094 3321 καὶ

82 3360 263 3441 ἰσογωνίου
290 3354 509 3442 πενταγώνου
539 3356 595 3423 καί
624 3359 683 3441 τῆς
715 3357 768 3424 ἐπί
794 3355 920 3443 ταύτην
947 3359 1094 3427 καθέτου

153 3520 195 3568 20.
216 3513 267 3580 V¹3
290 3513 389 3570 eodem
408 3516 471 3571 loco
490 3531 561 3571 ετεε.
576 3513 714 3571 scholium
733 3515 842 3584 similia,
861 3519 894 3571 ut
910 3515 1031 3584 uidetur,
1050 3533 1094 3572 ar-

82 3585 209 3656 gumenti
227 3583 274 3639 V¹.

119 3735 178 3852 231.
203 3721 416 3870 ξξάηρςᾘιρωο
435 3721 564 3790 σεκόκιςί
652 3732 696 3781 20.
719 3727 789 3800 τών]
814 3744 904 3799 comp.
923 3729 1041 3785 obscuro
1060 3730 1094 3786 V.

156 3843 161 3854 .
181 3819 212 3853 τί)
234 3818 263 3852 ΖΟ
296 3817 328 3851 ῑο
373 3837 380 3852 .
