2414 4236
220 454 377 508 §enom
395 458 434 509 IN
452 456 728 508 ELEMENTORUM
745 457 884 508 LIBRUM
897 457 919 508 1.
1007 454 1070 519 207

128 598 200 665 140.
223 592 325 664 Ὅταν
343 595 405 682 μέν
423 593 558 676 εὐθείας
573 596 760 682 ἐκκειμένής
773 593 811 664 τὸ
827 595 933 665 δοθὲν
946 602 1072 684 χωρίον

58 700 149 791 πάσή
162 711 202 790 τῇ
217 699 336 792 εὐθείᾳ
348 706 627 791 συμπαρατείνής,
642 701 716 771 τότε
725 701 953 789 παραβάλλειν
963 705 1070 771 ἐκεῖνο

56 811 94 877 ιδ
116 812 242 896 χωρίον
270 813 392 895 φασίν,
421 807 502 876 ὅταν
531 807 569 875 δέ
595 814 708 896 μεῖζον
735 806 876 897 ποιήσής
902 805 940 877 τὸ
969 811 1072 894 μῆκος

55 918 257 1002 τοῦχωρίου
270 925 330 1000 τῆς
349 912 495 998 εὐθείας,
513 911 747 1001 ὑπερβάλλειν,
768 912 849 983 ὅταν
869 914 906 983 δὲ
925 919 1071 1001 ἔλαττον,

57 1023 235 1105 ἐλλείπειν,
259 1019 315 1087 καὶ
338 1023 406 1087 τῶν
428 1025 629 1088 τελευταίων
651 1018 781 1088 τούτων
805 1021 911 1112 ἐντῷ
935 1020 966 1091 ς’
991 1046 1071 1106 μνη-
1108 1038 1124 1088 5

56 1124 192 1214 μονεύει
201 1130 333 1217 βιβλίῳ,
347 1123 536 1213 ὑπερβολῆς
549 1127 604 1194 καὶ
619 1129 803 1209 ἐλλείψεως.
822 1132 1071 1213 Πυθαγορείων

56 1231 93 1302 δέ
116 1236 221 1302 ταῦτα
243 1231 466 1320 ἐφενρήματα.

414 1429 470 1494 Ad
494 1451 596 1514 prop.
620 1428 718 1496 XLV.

152 1554 224 1618 141.
264 1551 308 1619 Τὸ
333 1549 386 1638 με’
409 1549 586 1636 πρόβλημα
611 1550 883 1636 ααθολικάτερόν
911 1553 979 1620 ἐστι
1002 1556 1071 1620 τῶν

55 1653 121 1724 δύο
154 1655 416 1742 προβλημάτων,
449 1659 485 1725 ἐν
514 1649 565 1736 οἷς
592 1653 789 1743 εὑρίσκομεν
818 1655 879 1743 τήν
909 1657 1070 1725 σύστασιν
1091 1676 1124 1724 1ο

56 1762 114 1831 nal
141 1758 203 1848 τήν
229 1760 427 1848 παραβολήν
455 1764 524 1829 τῶν
554 1770 639 1830 ἴσων
669 1766 714 1854 τῷ
747 1764 885 1832 δοθέντι
917 1762 1070 1854 τριγώνῳ

57 1854 424 1955 παραλλήλογράμμων.
447 1877 511 1936 είτε
525 1867 589 1953 γάρ
603 1874 770 1955 τρίγωνον
785 1877 849 1939 είτε
859 1870 1071 1959 τετράγωνον

55 1969 78 2058 ή
107 1972 194 2052 ὅλως
220 1973 465 2061 τετράπλευρον
491 1981 556 2041 εἴτε
584 1972 665 2042 άλλο
693 2002 725 2042 τι
753 1974 988 2064 πολύπλευρον
1018 1985 1069 2063 είή

58 2079 261 2165 δεδομένον,
291 2078 349 2149 δεδι
381 2080 504 2149 τούτου
530 2085 593 2148 τοῦ
620 2081 854 2168 προβλήματος
881 2091 957 2152 ἴσον
979 2084 1069 2174 αὐτῷ

57 2183 408 2274 παραλληλόγραμμον
423 2185 641 2272 συστήσομεν.
664 2191 732 2254 πᾶν
745 2187 811 2276 γὰρ
826 2187 1070 2276 εὐθύγραμμον
1090 2205 1123 2254 15

56 2290 138 2362 καθ’
164 2289 244 2362 αὐτὸ
273 2297 322 2372 είς
347 2299 495 2380 τρίγωνα
525 2291 704 2359 διαλύεται.
751 2289 980 2371 άναλύσαντες
1007 2287 1069 2361 οὖν

57 2398 96 2467 τὸ
116 2398 222 2468 δοθὲν
240 2397 484 2486 εὐθύγραμμον
504 2403 550 2478 είς
568 2404 715 2485 τρίγωνα
734 2398 789 2465 καί
809 2398 860 2465 ἐνί
879 2397 940 2484 μὲν
959 2396 1071 2467 αὐτῶν

59 2513 135 2575 ἴσον
155 2505 508 2593 παραλληλόγραμμον
531 2505 765 2592 συστήσαντες,
788 2517 858 2586 τοῖς
881 2504 919 2573 δὲ
942 2512 1071 2585 λοιποῖς

55 2612 146 2700 παρὰ
177 2611 240 2698 τήν
272 2616 436 2681 δοθεῖσαν
473 2611 613 2680 εὐθεῖαν
650 2620 707 2679 ίσα
742 2611 1072 2700 παραλληλόγραμμα

57 2718 296 2805 λαμβάνοντες,
320 2716 398 2804 παρ’
420 2714 463 2805 ἣν
485 2719 540 2785 καὶ
558 2717 622 2804 τήν
644 2718 840 2805 παραβολήν
858 2718 1071 2807 ἐποιήσαμεν,
1090 2738 1124 2786 20

57 2825 175 2914 ἕξομεν
202 2823 240 2892 τὸ
270 2827 305 2893 ἐκ
333 2824 465 2892 τούτων
486 2824 836 2912 παραλληλόγραμμον
864 2833 940 2893 ἴσον
963 2830 1009 2916 τῷ
1037 2830 1070 2907 ἐξ

59 2933 197 3000 ἐκείνων
219 2933 288 2999 τῶν
310 2931 485 3017 τριγώνων
508 2942 576 2999 τῶν
598 2929 857 3019 εὐθυγράμμων.
893 2927 959 2998 κάν
979 2931 1071 2998 δεκά-

57 3045 205 3124 πλενρον
227 3031 249 3124 ή
272 3034 311 3105 τὸ
335 3034 594 3125 εὐθύγραμμον,
622 3040 669 3116 είς
697 3034 783 3104 ὀκτύ
813 3041 961 3124 τρίγωνα
988 3033 1070 3103 αὐτὸ

57 3138 286 3230 ἆναλύσομεν,
323 3143 375 3210 ἑνί
408 3142 445 3210 δὲ
477 3141 606 3210 τούτων
639 3151 714 3211 ίσον
747 3141 957 3228 συστήσομεν
989 3166 1071 3226 παρ-

58 3248 357 3335 αλληλόγραμμον,
396 3247 452 3315 καὶ
490 3247 570 3316 ἑπτα
602 3246 872 3334 παραβάλλοντες
909 3255 965 3315 ίσα
1000 3260 1072 3327 τοῖς
1089 3271 1124 3320 25

133 3432 191 3480 140.
211 3425 375 3492 PBFVat.;
395 3422 436 3488 είς
453 3423 486 3479 τὸ
505 3421 555 3494 μδ’
574 3424 665 3479 Fvat.
739 3430 798 3479 141.
818 3425 848 3479 P.

131 3592 157 3640 2.
176 3586 411 3657 συμπαρατείνεις
430 3585 459 3640 P.
533 3591 558 3640 ὁ.
578 3579 717 3639 ἐκλείπειν
738 3583 795 3638 BF.
868 3582 1020 3639 τελευτέων
1040 3584 1070 3637 Ρ.

96 3653 287 3784 μνήμονεύβει
304 3656 333 3712 Ρ.
390 3663 415 3712 6.
435 3658 645 3726 Πυθαγορείων
659 3686 693 3695 -
709 3660 733 3739 7,.
754 3651 951 3727 ἐφεορήματα]
972 3674 1025 3711 om.
1033 3654 1070 3740 ,P'

56 3747 321 3867 ᾳᾌωφενυρεματα
339 3727 433 3785 Fvat.
508 3733 550 3782 12.
569 3729 859 3797 παραλληλογράμμου
878 3726 935 3796 Vq.
1005 3727 1070 3797 γαρ]

77 3840 85 3867 ,
153 3839 159 3853 .
204 3840 211 3854 .
