2414 4236
218 464 374 517 SCHOLIA
394 465 431 515 IN
450 463 726 516 ELEMENTORUM
744 465 883 516 LIBRUM
897 466 943 516 VI.
1023 463 1088 527 321

68 604 224 691 ἀραιοῦ
253 609 285 673 Γ
309 605 499 672 διπλάσιον·
541 602 578 672 τὸ
607 602 671 690 γάρ
700 604 765 682 aff
795 605 847 671 ἐπὶ
875 603 912 672 τὸ
942 603 1011 691 ἄγ’
1040 631 1090 691 γε·

69 709 220 797 νόμενον
241 709 304 778 δύο
324 724 420 778 ποιεῖ.
453 709 557 778 πάλιν
574 709 611 779 τὸ
631 719 663 778 Α
686 715 748 778 τοῦ
768 717 795 778 Β
814 707 982 797 ἡμιόλιον.
1005 711 1042 779 τὸ
1065 718 1093 779 Β

141 839 663 914 ·⁷

70 1158 135 1223 τοῦ
159 1161 191 1222 Γ
215 1153 442 1243 ὑπεπίτριτον·
479 1153 516 1222 τὸ
541 1165 572 1223 A
600 1151 667 1240 ἀρα
694 1158 754 1222 τοῦ
783 1160 815 1221 Γ
839 1152 1018 1240 ἐπόγδοον·
1054 1181 1092 1222 το

73 1260 139 1349 γὰρ
164 1261 230 1340 ἅλ’
255 1260 307 1329 ἐπὶ
330 1260 368 1329 τὸ
392 1261 422 1340 L‘
443 1260 476 1328 θ’
501 1274 592 1330 ποιεῖ
613 1266 634 1328 ἀ
653 1260 697 1346 η’.
741 1261 843 1329 πάλιν
866 1259 904 1328 τὸ
929 1268 961 1327 Α
983 1264 1093 1328 τοῦΒ

73 1360 182 1454 ὑπόό,
217 1366 255 1435 τὸ
286 1374 313 1435 Β
341 1371 402 1436 τοῦ
431 1373 463 1434 Γ
486 1365 592 1453 ὑπόγ·
633 1366 671 1434 τὸ
696 1374 727 1433 Α
755 1365 909 1451 ἀραιοῦ
937 1371 970 1433 Γ
991 1363 1091 1438 ὑπόξ.
1128 1390 1144 1441 ο

73 1478 112 1543 τό
141 1473 205 1560 γὰρ
236 1474 266 1553 L'
290 1474 346 1541 καὶ
373 1472 410 1541 τὸ
440 1471 474 1559 γ’
496 1472 527 1551 ς’
555 1476 727 1540 ποιοῦσιν·
767 1475 868 1539 τοῦτο
896 1473 1008 1559 μέντοι
1036 1473 1092 1540 καὶ

73 1580 244 1649 ἀνάπαλιν
271 1580 453 1667 γινόμενον
486 1591 556 1659 τοῖς
583 1583 842 1659 πολλαπλασίοις
865 1584 1092 1666 συνεμπίπτει,

74 1688 138 1778 χρὴ
163 1689 275 1775 μέντοι
300 1686 361 1754 τόν
385 1684 598 1773 βουλόμενον
625 1689 728 1752 ταῦτα
753 1683 918 1770 ἀκριβοῦν
940 1683 1030 1771 ἁμῶς
1054 1686 1094 1771 γέ

74 1820 144 1876 πως
171 1807 241 1873 τοῖς
265 1792 467 1879 Διοφάντου
494 1789 714 1879 θεωρήμασιν
742 1787 976 1878 ἀριθμητικοῖς
1003 1817 1091 1860 τετα-

74 1905 322 1989 λαιπωρησθαι,
346 1900 415 1967 ἐπεὶ
434 1896 609 1985 ἀμήχανον
628 1895 711 1964 ἀνευ
726 1888 874 1973 ἐκείνων.
905 1894 1092 1986 ἀπορήσαις
1112 1923 1145 1972 ιο

76 2005 108 2074 θ’
126 2003 168 2073 ἀν
188 2003 324 2082 εἰκότως
342 2005 395 2072 ἐπὶ
418 2009 487 2072 των
506 2002 640 2089 ἀλόγων
657 2008 825 2090 μεγεθῶν·
847 2002 907 2085 τὰς
920 2003 985 2091 γάρ
999 2013 1091 2091 πηλι-

76 2110 216 2194 κότητας
246 2107 359 2177 αὐτῶν
387 2107 448 2177 οὐκ
477 2115 608 2197 ἔχοντες
635 2112 672 2178 ἐν
700 2113 814 2198 ῥητοῖς
841 2109 1002 2198 ἀριθμοῖς
1023 2115 1093 2191 πῶς

76 2214 158 2299 ἀροιΙ
179 2215 515 2301 πολλαπλασιάσομεν
551 2215 630 2297 τοὺς
665 2215 804 2302 λόγους;
846 2211 866 2302 ἢ
899 2215 937 2284 τὸ
972 2223 1091 2284 πολλα-

76 2322 220 2389 πλάσιον
243 2323 357 2406 τοῦτο,
384 2316 450 2389 κάν
472 2322 517 2409 μὴ
542 2325 579 2390 ἐν
603 2321 716 2408 λόγοις
738 2324 852 2409 ῥητοῖς
874 2313 911 2410 ᾖ,
939 2319 1029 2407 ὅμως
1052 2347 1091 2409 τη

77 2431 197 2497 ἑαυτοῦ
221 2426 322 2514 φύσει
345 2432 411 2514 ἔχει
434 2426 494 2496 τὸν
518 2428 640 2514 λόγον;
678 2425 698 2514 ἡ
722 2426 786 2515 γὰρ
811 2425 987 2513 διάμετρος
1009 2424 1092 2513 πρὸς
1112 2451 1144 2501 15

75 2533 138 2621 τὴν
161 2533 326 2622 πλευράν,
359 2539 392 2603 εί
411 2536 467 2603 καί
490 2534 535 2623 μὴ
560 2541 617 2623 ἔχη
645 2533 747 2620 λόγον
776 2532 895 2621 ῥητόν,
928 2530 1000 2600 ἀλλ’
1027 2523 1090 2600 οὖν

75 2644 134 2727 τῆς
161 2640 380 2728 πηλικότητος
408 2647 490 2730 ἔχει,
524 2640 602 2710 καθ’
629 2637 671 2708 ὃν
700 2642 840 2728 λέγομεν
868 2637 974 2726 αὐτὴν
1004 2635 1090 2706 εἶναι

76 2751 257 2817 διπλασίαν
281 2748 432 2836 δυνάμει.

143 2858 173 2921 3.
216 2854 328 2941 Λόγος
360 2857 395 2923 ἐκ
430 2854 543 2942 λόγων
580 2863 779 2940 συγκεῖσθαι
814 2854 955 2939 λέγεται·
998 2849 1091 2934 ὅταν,

77 2965 192 3045 φησίν,
215 2961 430 3047 πηλικότητίς
453 2988 556 3029 τινων
580 2959 702 3047 λόγων,
725 2957 1090 3044 πολλαπλασιαζόμενοι
1109 2979 1145 3029 20

76 3068 197 3133 ποιῶσι
211 3067 327 3154 λόγον,
347 3070 472 3148 ἐκεῖνος
486 3066 504 3135 ὁ
520 3066 621 3154 λόγος
635 3075 833 3153 συγκεῖσθαι
848 3068 883 3133 ἐκ
897 3069 965 3133 τῶν
979 3062 1090 3149 λόγων

76 3172 214 3239 ἐκείνων
238 3174 382 3258 λέγεται,
410 3164 458 3241 ἀν
487 3175 525 3240 αί
543 3173 763 3259 ’πηλικότητες
791 3174 949 3241 ποιοῦσιν
977 3165 1090 3237 αὐτόν.

79 3301 290 3309 ------

148 3355 172 3402 3.
187 3347 316 3419 v·13³qy
332 3352 451 3419 (partem
461 3350 583 3420 priorem
593 3351 628 3406 ad
638 3347 785 3412 διπλάσιος
797 3369 824 3419 p.
837 3354 898 3415 322,
909 3354 924 3402 2
939 3347 1025 3404 etiam
1035 3346 1090 3417 F').

150 3514 173 3562 1.
192 3505 419 3578 γενομενόμενοκ
438 3508 502 3564 vat.
575 3515 599 3564 2.
620 3511 672 3565 τοῦ
693 3510 726 3580 Β]
746 3508 968 3579 pontesium
991 3513 1004 3561 l
1025 3506 1090 3563 vm.

113 3601 137 3651 5.
157 3588 250 3670 ἀπόβ]
274 3592 331 3651 ὑπὸ
351 3592 404 3650 δύο
424 3596 452 3650 Γ.
549 3603 574 3652 6.
593 3595 622 3655 ς’
656 3591 683 3666 γ’
705 3597 830 3651 Nata.
924 3602 964 3651 1³.
988 3600 1089 3650 πολλοι-

76 3665 276 3736 πλοισιάσωμεν
296 3667 391 3722 vm.
473 3673 512 3721 14.
532 3663 571 3734 μὴ
591 3663 622 3722 ἐν
656 3665 709 3737 μίν
727 3684 753 3723 x.
828 3673 869 3722 18.
888 3663 1021 3738 δυνάμει]
1041 3665 1089 3721 δά-

75 3758 163 3806 ναμιν
182 3738 277 3793 Vat.x.
359 3744 399 3792 19.
420 3734 531 3807 οχόλιον
551 3735 591 3800 είς
610 3757 641 3792 ιο
660 3742 679 3797 ’ς’
696 3732 805 3807 ἀδήλου
822 3755 849 3806 y.
927 3743 969 3793 20.
989 3737 1088 3809 φησίν]

77 3825 130 3863 om.
150 3826 176 3877 y.
250 3816 293 3864 22.
312 3810 430 3864 ποιῶσιν
448 3827 475 3878 y.

124 3907 604 3965 me11cteu,0c1ae1101ber3emungo.
627 3913 648 3956 V
912 3905 954 3954 Ἃ
