2414 4236
227 524 385 578 scnom
401 524 440 574 IN
458 524 733 576 EJAEMENTORUM
750 525 889 576 LIBRUM
902 526 935 578 X.
1024 522 1089 587 589

141 668 216 733 474.
255 661 407 752 Οὖδεμιᾷ
431 668 500 732 τῶν
521 664 687 751 πρότερον
715 663 736 747 ἡ
761 661 846 750 αὐτή
875 689 904 751 p.
929 667 1008 750 370,
1034 668 1088 748 13]

74 772 95 858 ἡ
116 773 179 857 γὰρ
196 777 228 839 Γ
247 767 370 855 ἄλογός
394 773 495 855 ἐστιν,
519 771 589 839 έπελ
608 767 649 839 οὐ
669 768 763 856 ῥητή,
786 769 841 836 καλ
861 767 1002 857 οὐδεμιᾷ
1021 773 1090 838 τῶν

76 877 241 964 πρότερον
264 874 399 961 ἀλόγων
420 872 442 962 ἡ
467 872 563 962 αὐτή,
586 877 735 945 τουτέστι
759 879 828 942 τῶν
845 880 889 961 ιη.
927 872 1089 961 οὔτεγὰρ

77 985 175 1068 μέση,
204 983 273 1049 ἐπεὶ
301 980 338 1050 τὸ
366 979 433 1049 άπὸ
461 981 583 1068 ταύτης
609 980 699 1065 παρὰ
721 980 786 1068 τὴν
809 988 836 1047 Β
860 980 965 1066 ῥητὴν
988 1006 1091 1068 παρα-

77 1089 206 1175 βληθὲν
225 1093 348 1166 πλάτος
366 1085 410 1155 άν
430 1091 563 1173 ἐποίησε
582 1089 699 1175 ῥητήν,
721 1086 797 1155 οὔτε
813 1079 886 1172 έκδ
903 1084 1091 1172 ὀνομάτων,
1128 1117 1144 1166 5

78 1195 148 1262 ἐπεὶ
180 1195 281 1262 πάλιν
313 1193 351 1262 τὸ
383 1192 441 1260 ἀπ’
477 1190 581 1280 αὐτῆς
612 1193 700 1282 παρὰ
734 1190 840 1280 ῥητὴν
871 1191 1091 1278 παραβληθὲν

77 1298 139 1385 τὴν
154 1307 182 1366 Β
203 1298 332 1384 δηλαδὴ
352 1298 475 1378 πλάτος
489 1296 533 1367 ἂν
548 1303 682 1386 ἐποίησε
694 1297 756 1386 τὴν
771 1300 807 1367 έκ
821 1305 842 1383 β
857 1295 1035 1385 ὀνομάτων
1050 1297 1091 1383 α’,

78 1405 134 1471 καὶ
152 1396 196 1489 ἦν
215 1401 258 1472 άν
276 1405 298 1490 ἡ
319 1414 351 1472 A
369 1407 405 1474 έν
423 1410 445 1491 β
464 1402 641 1492 ὀνομάτων
661 1405 707 1490 α’,
730 1405 808 1474 οὔτε
827 1407 864 1473 έν
882 1412 903 1490 β
922 1405 1033 1492 μέσων
1047 1404 1091 1471 α’·

79 1503 121 1594 ἦν
139 1509 203 1596 γὰρ
223 1506 306 1597 άνὴ
328 1519 360 1578 A
379 1513 415 1579 έιι
432 1516 454 1597 β
474 1509 650 1599 ὀνομάτων
669 1511 714 1598 β’.
744 1499 1032 1598 οὗτεέαδμέσων
1047 1510 1092 1598 β’·

78 1609 122 1701 ἦν
144 1615 209 1704 γάρ
233 1614 278 1686 άν
301 1618 322 1705 ἡ
348 1627 379 1685 Α
407 1619 443 1685 έιι
466 1627 487 1702 β
511 1614 688 1704 ὀνομάτων
715 1622 818 1704 τρίτη.
864 1613 941 1684 οὔτε
971 1623 1092 1704 μείζων
1112 1646 1146 1695 10

647 1734 723 1809 ηΑ
747 1725 783 1791 έν
805 1729 827 1809 β
850 1720 1026 1809 ὀνομάτων
1050 1725 1092 1791 δ’.

79 1826 156 1896 οὔτε
180 1829 284 1917 ῥητὸν
307 1830 363 1898 καὶ
386 1830 490 1916 μέσον
515 1830 700 1917 δυναμένη·
736 1822 780 1916 ἦν
803 1828 868 1915 γάρ
891 1828 992 1897 πάλιν
1015 1829 1036 1913 ἡ
1061 1838 1093 1896 A

78 1936 115 2001 έν
138 1942 159 2020 β
183 1933 361 2022 ὀνομάτων
385 1935 423 2003 ε’·
457 1934 533 2003 οὔτε
557 1942 578 2020 β
601 1937 685 2023 μέσα
708 1938 893 2024 δυναμένη·
925 1936 981 2003 καλ
1004 1933 1092 2003 οὕτω

79 2039 144 2126 γάρ
172 2037 216 2109 ἄν
243 2033 288 2127 ἦν
316 2038 337 2127 ἡ
362 2052 393 2108 A
421 2045 457 2110 έν
485 2048 506 2128 β
536 2039 712 2127 ὀνομάτων
736 2043 778 2113 ς’.
824 2042 901 2111 οὔτε
930 2040 1093 2128 άποτομή,

80 2147 149 2215 ἐπεὶ
169 2146 189 2233 ἡ
205 2155 238 2214 A
255 2147 368 2234 πράτη
388 2144 432 2215 άν
450 2140 494 2234 ἦν
512 2145 678 2235 άποτομή·
698 2147 774 2216 οὔτε
788 2150 870 2236 μέση
886 2146 1034 2235 ἀποτομὴ
1049 2150 1093 2214 α’·
1114 2175 1146 2224 1⁶

81 2251 102 2337 ἡ
128 2262 160 2319 A
182 2251 248 2340 γὰρ
272 2248 316 2319 ἂν
338 2245 382 2338 ἦν
406 2252 558 2340 άποτομὴ
581 2253 625 2340 β’·
663 2252 739 2321 οὔτε
767 2257 849 2340 μέση
875 2252 1025 2340 ἀποτομὴ
1048 2252 1092 2339 β’·

79 2356 135 2424 καλ
162 2356 226 2444 γὰρ
255 2385 276 2444 η
301 2368 333 2425 A
362 2351 409 2444 ἦν
437 2356 481 2427 άν
508 2365 601 2446 τρίτη
629 2357 789 2446 ἀποτομή.
837 2357 914 2427 οὔτε
942 2359 1093 2427 έλάσσων

80 2466 171 2533 έστὶν
193 2464 214 2552 ἡ
240 2466 417 2551 λεγομένη,
446 2469 619 2534 τουτέστιν
646 2464 666 2551 ἡ
692 2471 734 2551 Γ,
763 2466 833 2534 ἐπεὶ
855 2465 876 2551 ἡ
901 2475 932 2533 A
955 2465 1093 2552 τετάρτη

80 2566 123 2636 διν
146 2563 190 2656 ἦν
213 2568 374 2657 άποτομη.
410 2569 484 2639 ἀλλ’
503 2571 585 2639 οὐδὲ
603 2570 684 2657 μετὰ
709 2573 813 2657 ῥητοῦ
832 2572 936 2659 μέσον
953 2569 991 2639 τὸ
1011 2568 1093 2639 ὅλον

79 2674 223 2743 ποιοῦσά
257 2677 347 2743 έστιν
374 2677 394 2762 ἡ
425 2683 467 2762 Γ,
499 2678 569 2746 έπελ
601 2678 656 2744 καὶ
688 2678 708 2764 ἡ
737 2687 769 2744 A
800 2669 844 2763 ἦν
870 2673 914 2744 άν
942 2675 1092 2764 ἀποτομὴ
1112 2705 1148 2755 20

80 2783 218 2868 πέμπτη.
261 2779 336 2848 ἄλλ’
362 2780 443 2850 οὐδὲ
466 2782 571 2852 πάλιν
594 2782 674 2870 μετὰ
697 2786 802 2871 μέσον
825 2784 928 2870 μέσον
950 2781 988 2850 τὸ
1013 2781 1095 2851 ὅλον

80 2888 225 2956 ποιοῦσά
245 2890 336 2956 ἐστιν
355 2889 375 2974 ἡ
392 2895 429 2974 Γ,
455 2890 526 2957 ἐπεὶ
545 2890 600 2956 καλ
617 2890 635 2956 ά
654 2899 686 2957 A
709 2881 753 2976 ἦν
776 2886 821 2957 άν
841 2891 915 2975 ἕκτη
935 2887 1093 2975 ἀποτομή.

81 2994 152 3061 ἐπεὶ
175 2986 238 3062 οὖν
257 2994 295 3062 τδ
315 2992 381 3062 άπδ
400 2999 459 3081 τῆς
474 3000 507 3062 Γ
525 2994 613 3081 παρὰ
629 2994 734 3082 ῥητὴν
748 2993 853 3081 τὴνΒ
875 2995 1094 3082 παραβληθὲν

82 3098 207 3178 πλάτος
224 3099 287 3186 τὴν
302 3108 334 3167 A
351 3107 542 3187 πεποίηκεν,
567 3097 585 3168 λ’
606 3099 648 3187 δὴ
666 3111 697 3169 A
715 3099 856 3190 οὐδεμιᾷ
876 3105 945 3169 τῶν
965 3100 1095 3169 δάδειια

80 3202 214 3290 άλόμων
238 3203 384 3274 εὐθειῶν
407 3209 497 3275 έστιν
520 3207 541 3293 ἡ
565 3205 660 3293 αὐτή,
685 3205 758 3275 ἀλλ’
781 3205 861 3276 οὐδὲ
884 3207 980 3295 ῥητή·
1010 3207 1094 3294 μέση
1113 3233 1148 3284 25

80 3310 145 3397 γὰρ
175 3362 253 3378 .....
260 3331 267 3346 ·
301 3310 437 3392 εἰκότως
468 3313 524 3381 καλ
551 3313 572 3398 ἡ
601 3320 634 3381 Γ
662 3311 804 3401 οὐδεμιᾷ
832 3317 901 3381 τῶν
928 3312 1094 3400 πρότερον

154 3725 198 3784 26.
221 3718 290 3773 Ροτλ
311 3714 365 3788 γάρ
388 3736 442 3775 m.
462 3722 506 3773 οιτ
524 3719 553 3774 in
572 3719 609 3786 V;
632 3718 708 3774 infra
730 3720 870 3788 quaedam
893 3720 998 3790 scripta
1019 3721 1093 3786 sunt,

80 3807 153 3862 quae
176 3792 269 3861 legere
292 3806 349 3845 non
372 3791 449 3861 potui
473 3791 538 3860 (ιιαλ
556 3809 683 3848 m...
702 3793 834 3861 μιτ...).
924 3791 990 3862 καί]
1010 3807 1096 3859 supra

81 3880 134 3918 τοι.
153 3859 187 3915 V.
259 3867 302 3918 2‘1.
322 3861 361 3933 ιη]
382 3878 536 3932 suprascr.
555 3862 590 3917 V.
