2414 4236
328 452 511 504 ιΡεεΝοικ
529 453 764 505 εοιῑοοιοειοιι
782 455 818 507 11.
1018 451 1080 516 701

69 591 367 678 προσννεσταμένα
393 617 427 659 τε
453 592 508 659 καὶ
536 593 801 679 προδεδειγμένα
826 589 908 679 ἡμίν
935 591 976 661 τὰ
999 592 1082 676 πρὸς

69 696 133 785 τήν
155 697 286 766 τούτων
308 696 515 784 κατασκευήν
538 699 789 786 χρησιμεύοντα.
826 703 858 766 εί
877 699 918 767 δέ
932 724 971 783 γε
988 703 1083 785 χρεία

71 797 116 891 ήν
138 807 184 896 τῷ
208 807 401 890 στοιχειωτή
425 801 550 882 παντὸς
568 808 681 883 είδους
699 807 903 890 ίσοσκελούς,
927 805 965 872 έν
982 807 1029 897 τῷ
1049 806 1083 872 δ’
1132 815 1134 821 “

71 908 266 998 θεωρήματι
285 902 329 997 ήν
346 906 392 978 δν
410 907 511 1001 αύτῷ,
532 910 588 977 καί
606 908 701 997 ἡμεῖς
718 906 762 977 ἂν
781 911 959 996 δεηθέντες
970 914 1033 979 τοῦ
1046 910 1080 998 β’

71 1043 108 1085 τε
129 1018 185 1085 καὶ
206 1021 268 1086 τοῦ
290 1022 406 1100 τρίτου
427 1019 495 1083 πᾶν
513 1012 603 1095 είδος
621 1020 815 1096 ίσοσκελοῦς
833 1015 1082 1105 σννεστήσαμεν
1119 1039 1135 1087 ο

72 1122 161 1208 παρὰ
180 1121 222 1191 τὸ
247 1125 463 1207 ἰσόπλευρον,
491 1121 561 1190 έπελ
589 1133 690 1191 τοῦτο
718 1121 821 1202 αὐτὸς
843 1128 1039 1209 συνίστησιν
1063 1121 1082 1191 ὁ

72 1228 259 1316 Εὐκλείδης
280 1226 344 1315 πρὸ
367 1237 436 1296 τῶν
459 1225 571 1296 ἄλλων
590 1225 726 1297 πάντων
745 1228 932 1316 σχημάτων.
964 1229 1021 1296 καί
1040 1227 1082 1315 δή

71 1341 213 1422 συσταίη
236 1331 280 1402 ἂν
303 1333 471 1414 ίσοσκελές
493 1339 647 1420 μείζονας
670 1339 748 1421 ἔχον
769 1332 829 1413 τὰς
847 1333 909 1403 δύο
928 1338 988 1420 τής
1006 1338 1083 1421 μιᾶς

75 2604 128 2671 ἐπὶ
160 2615 218 2688 τῆς
250 2607 411 2690 δοθείσης
443 2599 579 2681 εὐθείας
611 2599 729 2683 οὕτως·
771 2607 854 2672 ἔστω
887 2599 908 2691 ή
943 2607 1084 2671 δοθεῖσα

74 2707 192 2778 εὐθεῖα
210 2706 231 2795 ή
247 2716 312 2777 ΑΒ
329 2708 386 2776 καὶ
405 2707 620 2795 ἐκβεβλήσθω
639 2705 694 2793 ἐφ’
711 2706 850 2794 ἑκάτερα
864 2708 917 2778 ἐπὶ
931 2711 970 2778 τὰ
986 2715 1025 2794 Γ,
1041 2717 1084 2795 Δ,
1106 2731 1138 2782 10

73 2814 130 2881 καί
152 2818 277 2881 κείσθω
302 2822 357 2900 ίση
381 2812 402 2900 ή
425 2822 493 2881 ΑΔ
514 2818 554 2903 τῇ
574 2818 646 2899 ΒΓ,
670 2812 726 2880 καὶ
748 2815 875 2906 κέντρῳ
898 2814 959 2901 μὲν
978 2827 1023 2905 τῷ
1043 2825 1085 2900 Α,

75 2919 271 3005 διαστήματι
298 2919 337 2988 δὲ
363 2924 409 3010 τῷ
438 2926 508 2988 ΑΓ
533 2919 656 3001 κύκλος
681 2919 866 3009 γεγράφθω
893 2918 912 2989 ὁ
940 2928 1084 3009 ΕΖΗΓ,

73 3027 199 3117 κέντρῳ
229 3026 267 3095 δὲ
293 3030 340 3117 τῷ
363 3033 407 3112 Β,
440 3025 639 3114 διαστήματι
666 3026 705 3095 δὲ
726 3029 772 3118 τῷ
795 3034 864 3095 ΒΔ
890 3026 1012 3108 κύκλος
1033 3053 1085 3114 γε-

74 3130 221 3218 γράφθω
241 3127 259 3198 ὁ
276 3138 427 3217 ΕΘΗΔ,
445 3133 501 3200 καί
520 3131 772 3220 ἐπεζεύχθωσαν
790 3136 829 3200 αί
838 3140 918 3218 ΑΒ,
931 3139 1004 3202 BE.
1030 3135 1086 3202 καὶ

74 3239 274 3306 συνέσταται
298 3238 350 3306 ἐπὶ
372 3242 432 3325 τῆς
455 3247 520 3306 ΑΒ
544 3243 711 3326 τρίγωνον
735 3239 904 3320 ίσοσκελδς
925 3238 963 3309 τὸ
986 3246 1086 3308 ΑΕΒ
1106 3264 1139 3314 15

75 3344 128 3413 έπλ
159 3348 219 3431 τῆς
249 3352 328 3413 ΑΒ·
371 3345 440 3414 έπεδ
476 3344 542 3435 γὰρ
578 3348 720 3432 κέντρον
757 3347 827 3415 ἐστὶ
856 3350 918 3416 τοῦ
951 3353 1091 3415 ΒΖΗΓ

73 3448 200 3517 κύκλου
226 3448 264 3518 τὸ
289 3459 335 3535 Α,
364 3458 419 3536 ίση
447 3451 539 3519 ἐστὶν
566 3447 587 3537 ἡ
611 3457 680 3519 ΑΓ
702 3455 743 3540 τῇ
767 3458 842 3520 ΑΒ.
887 3451 989 3521 πάλιν
1017 3452 1086 3521 ἐπεὶ

74 3556 214 3640 κέντρον
238 3554 307 3623 ἐστὶ
329 3558 391 3623 τού
414 3561 557 3623 ΕΘΗΔ
582 3556 709 3625 κύκλον
736 3555 773 3624 τό
798 3565 842 3643 Β,
872 3565 927 3644 ίση
951 3559 1042 3627 ἐστίν
1065 3555 1086 3644 ή

76 3666 143 3726 ΒΔ
164 3662 205 3748 τῇ
228 3666 301 3727 ΒΕ.
347 3667 401 3746 ίση
426 3659 464 3727 δέ
487 3656 508 3747 ή
531 3665 601 3727 ΑΓ
622 3664 662 3748 τή
686 3668 768 3747 ΒΔ,
797 3662 867 3730 ἐπεὶ
889 3663 944 3731 καί
971 3661 992 3749 ή
1016 3672 1087 3732 ΑΔ

75 3769 114 3854 τῇ
130 3770 196 3832 ΒΓ
214 3773 281 3852 ίση.
313 3766 458 3836 έλάττων
477 3765 515 3835 δὲ
533 3765 554 3853 ή
575 3774 640 3834 ΑΒ
660 3763 821 3855 ὁποτέρας
837 3771 906 3839 τῶν
922 3777 998 3857 ΔΒ,
1012 3776 1087 3839 ΑΓ.
1106 3790 1144 3842 20
