2414 4236
227 492 384 544 scnom
402 494 441 545 m
459 492 736 545 ωοωωοωσοειοω
753 494 927 546 1111111111.
1016 492 1078 557 197

135 636 283 700 ἔστωσαν
306 631 371 700 δύο
393 637 541 722 τρίγωνα
565 631 586 720 ἡ
610 643 642 701 Α
648 639 724 718 ΒΓ,
748 641 864 721 ΔΕΖ,
893 634 1013 722 ἑκάστη
1042 635 1080 704 δέ

66 736 193 826 πλευρά
216 741 377 826 μονάδων
400 745 445 809 is.
490 746 550 808 καί
570 744 656 808 εἶσιν
685 743 722 808 αί
748 739 811 808 δίο
839 742 981 829 πλευραὶ
1007 756 1080 823 ταῖς

823 877 846 945 δ

63 1446 164 1513 δυσὶν
188 1453 268 1530 λοαι,
290 1444 312 1532 ἡ
332 1446 369 1513 δὲ
385 1452 452 1514 ΒΓ
470 1451 510 1536 τῇ
530 1454 593 1513 ΕΖ
616 1446 713 1533 βάσει
733 1452 815 1516 ἔστω
835 1455 964 1535 μείζων.
995 1452 1078 1515 ἔστω

64 1549 86 1638 ἡ
111 1551 173 1638 μέν
196 1557 262 1619 ΒΓ
280 1551 440 1638 μονάδων
463 1559 519 1636 μἠ,
542 1550 563 1637 ἡ
588 1551 625 1619 δὲ
649 1560 711 1621 ΕΖ
735 1553 895 1639 μονάδων
917 1545 962 1622 ιδ.

392 1784 449 1848 Ad
472 1807 578 1870 prop.
601 1783 747 1853 XXXIX.
1114 1808 1131 1857 ε

131 1911 204 1975 130.
236 1904 386 1984 Εἰκότως
409 1902 427 1973 ὁ
454 1905 665 1993 στοιχειωτὴς
682 1908 871 1995 προσέθηκε
891 1907 929 1976 τὸ
947 1909 1003 1976 καὶ
1023 1908 1076 1976 ἐπὶ

62 2011 104 2081 τά
127 2009 211 2080 αὐτὰ
235 2013 327 2099 μέρη.
374 2011 521 2079 δυνατὸν
544 2010 608 2097 γάρ
631 2018 747 2099 λαβεῖν
771 2017 848 2094 μιᾶς
870 2013 1000 2101 βάσεως
1019 2023 1076 2082 ἴσα

63 2123 210 2204 τράμωνα
230 2117 268 2186 τὸ
292 2118 354 2205 μὲν
377 2118 430 2184 ἐπὶ
453 2116 533 2184 τάδε
557 2115 597 2183 τά
621 2119 716 2203 μέρη,
739 2115 776 2186 τδ
803 2118 840 2186 δὲ
863 2121 916 2187 ἐπὶ
936 2123 1075 2208 θάτερα,

61 2221 137 2292 ἄλλ’
155 2222 197 2292 οὐ
213 2225 345 2303 πάντως
365 2225 401 2291 ἐν
421 2236 493 2303 ταῖς
507 2221 624 2301 αὐτοῖς
638 2224 706 2290 ἐστι
720 2227 824 2292 ταῦτα
838 2226 1076 2312 παραλλήλοις·
1179 2280 1184 2291 .

62 2328 230 2418 οὐδὲγάρ
253 2329 319 2399 ὑιιδ
342 2328 380 2398 τὸ
404 2327 485 2398 αὐτὸ
509 2329 596 2410 ὕψος
619 2330 706 2396 εἰσὶν
728 2326 839 2416 άμφω.
886 2331 998 2398 δοτέον
1026 2332 1074 2418 δέ,
1094 2356 1129 2404 10

61 2434 114 2506 ὅτι
135 2441 267 2524 τριττῆς
290 2434 392 2523 οὔσης
415 2441 474 2523 τῆς
496 2440 563 2504 τῶν
587 2432 818 2523 θεωρημάτων
837 2432 1074 2524 άντιστροφῆς·

62 2540 82 2631 ἢ
106 2545 170 2630 γάρ
194 2540 277 2612 ὅλον
300 2539 511 2631 ἀντιστρέφει
535 2539 618 2630 πρὸς
637 2539 729 2628 ὅλον,
754 2539 799 2622 ὡς
816 2543 854 2610 τὸ
874 2542 923 2629 ιη’
946 2543 1002 2610 καὶ
1022 2542 1074 2610 ιθ’

60 2658 209 2738 εἴπομεν,
233 2646 254 2735 ἢ
279 2647 360 2717 ὅλον
383 2675 467 2737 προς
490 2651 588 2736 μέρος
612 2648 657 2729 ὡς
676 2647 713 2717 τδ
734 2650 767 2724 ς’
785 2649 841 2717 καὶ
859 2647 897 2718 τδ
916 2651 1076 2738 πέμπτον,

59 2752 80 2843 ἢ
105 2758 205 2843 μέρος
227 2756 311 2844 πρὸς
333 2758 433 2845 μέρος
457 2753 502 2836 άς
525 2753 562 2824 τὸ
581 2754 615 2841 η’
635 2757 691 2823 καὶ
713 2754 751 2825 τδ
777 2755 821 2823 δ’·
849 2754 972 2846 οὐγὰρ
993 2755 1074 2827 ὅλον

58 2864 96 2932 τὸ
118 2863 334 2950 δεδειγμένον
354 2864 390 2930 ἐν
404 2864 537 2954 θατέρῳ
554 2861 757 2949 ζητούμενόν
772 2864 863 2930 ἐστιν
879 2865 916 2931 έν
929 2865 1074 2954 θατέρῳ,
1095 2885 1128 2934 15

59 2966 202 3038 οὐδὲτὸ
227 2971 431 3056 ζητούμενον
455 2969 649 3054 δεδομένον,
673 2966 756 3036 ιἰλλδι
781 2969 889 3056 μέρος.
932 2973 1017 3035 έόικε
1037 2967 1075 3035 δὲ

59 3077 116 3144 καὶ
139 3080 244 3145 ταῦτα
265 3073 306 3145 τά
330 3075 532 3162 θεωρήματα
555 3078 693 3143 τοιαῦτα
717 3071 804 3142 εἶναι
834 3075 886 3141 ἐπὶ
913 3076 981 3141 τῶν
1009 3099 1074 3158 τρι·

59 3181 190 3269 γάνων.
236 3174 280 3270 ἦν
307 3180 373 3269 γάρ
401 3178 439 3249 τὸ
468 3180 671 3267 ζητούμενον
700 3182 737 3248 ἐν
762 3193 832 3260 τοῖς
855 3177 920 3266 τρὸ
944 3178 1074 3248 τούτων

59 3286 99 3355 τὸ
124 3285 210 3356 εἶναι
239 3296 295 3356 λσα
324 3288 363 3355 τά
391 3293 554 3373 τρίγωνα,
586 3290 686 3354 τοῦτο
715 3286 752 3354 δὲ
781 3284 843 3354 οὐκ
871 3289 940 3352 ἔστι
968 3284 1076 3372 μόνον

133 3464 225 3519 Partis
243 3463 363 3521 ultimae
381 3463 447 3519 inde
466 3481 484 3519 ν.
502 3463 550 3520 lin.
572 3470 586 3517 1
605 3463 729 3533 uestigia
748 3464 777 3517 in
795 3463 817 3517 F
837 3464 994 3530 supersunt.

134 3541 194 3593 1³0.
211 3536 326 3605 V·(fq).

133 3704 157 3751 1.
176 3692 209 3768 ἡ]
228 3713 279 3750 εστ.
300 3690 344 3749 τά.
431 3701 455 3749 ³.
476 3691 520 3764 δέ]
542 3693 577 3763 F,
597 3711 650 3749 om.
670 3693 696 3749 b.
783 3694 816 3764 τῇ
836 3695 888 3746 ΕΖ
907 3691 1000 3764 βάσει]
1020 3691 1074 3759 Fb,

59 3785 113 3824 scr.
131 3768 183 3838 τῆς
200 3770 253 3822 ΕΖ
271 3761 389 3890 βάσεως.
450 3771 494 3820 17.
512 3761 560 3836 τά]
581 3783 611 3834 q,
631 3765 682 3820 τοῦ
701 3762 735 3820 V.
801 3769 841 3818 19.
861 3758 936 3818 εἶναι
956 3763 1076 3836 ἴοαΠς

57 3841 107 3895 λιιι
127 3834 202 3894 εἶναι
220 3856 252 3908 q,
293 3837 385 3893 roelus
402 3854 430 3907 p.
450 3842 511 3905 409,
533 3843 574 3893 10.
