2414 4236
221 531 378 583 SCHOLIA
395 531 434 582 IN
451 530 728 584 ELEMENTORUM
745 531 885 583 LIBRUM
898 533 931 584 Χ.
1015 529 1081 595 535

67 674 225 757 τέσσαρες
248 669 392 757 μονάδες
413 672 470 738 καὶ
490 675 515 758 μ
538 669 649 740 λεπτά.
694 670 824 739 τούτων
848 662 912 739 οὖν
935 669 1082 758 ἐχόντων

69 777 114 860 ῶς
138 777 156 846 6
176 770 206 845 6
228 776 311 863 πρὸς
333 776 394 846 τὸν
417 779 526 846 πέντε·
555 782 621 867 ἔχει
643 778 708 865 γάρ
730 776 837 848 αὐτὸν
859 777 916 846 καλ
938 779 1083 862 τέσσαρα

70 882 176 953 αὐτοῦ
201 884 296 970 μέρη·
335 881 441 963 οὕτως
468 880 486 952 6
512 889 551 956 63
577 884 784 972 τετράγωνος
807 881 825 954 6
849 880 914 952 666
938 887 998 971 τῆς
1019 891 1083 952 ΕΖ

69 994 128 1077 τῆς
147 991 252 1076 οὔσης
268 995 289 1060 3
307 986 468 1075 μονάδων
486 988 570 1078 πρὸς
591 989 652 1060 τὸν
671 999 775 1059 εἴκοσι
793 989 1004 1078 τετράγωνον
1020 991 1082 1059 τὸν

70 1095 136 1165 άπὸ
153 1101 213 1183 τῆς
232 1102 300 1163 ΖΗ
323 1093 427 1224 06663
448 1096 608 1183 μονάδων
627 1085 648 1165 6
670 1098 726 1165 καὶ
744 1099 873 1165 λεπτῶν
891 1120 1033 1183 πρωτων
1051 1124 1082 1184 μ
1119 1119 1136 1168 ο

71 1209 137 1291 ἔχει
155 1200 308 1271 τολνυν’
293 1195 356 1270 06
378 1200 438 1271 τὸν
460 1204 558 1271 πέντε
580 1205 636 1270 καὶ
652 1204 797 1287 τέσσαρα
816 1201 923 1270 αὐτον
908 1203 1083 1289 πέμπτα·

70 1306 173 1378 καὶὸ
200 1311 240 1380 63
267 1300 332 1377 οὖν
358 1307 419 1377 τὸν
446 1314 466 1377 ἷτ
498 1309 553 1376 καλ
581 1311 725 1395 τέσσαρα
752 1305 858 1377 αὐτοῦ
885 1309 1027 1396 πέμπτα
1064 1305 1083 1376 6

71 1412 136 1502 γὰρ
159 1409 268 1502 ι’ς,’
239 1443 266 1508 μ
295 1413 447 1502 ὑπερέχει
475 1412 556 1487 663
587 1418 649 1483 τοῦ
671 1411 754 1501 6‚‘
740 1441 758 1483 ο
787 1405 851 1483 οὖν
876 1420 908 1486 23
939 1415 1085 1500 τέσσαρα

72 1524 202 1609 πέμπτα
225 1524 293 1590 έστλ
316 1524 377 1591 τοῦ
400 1528 428 1590 ι’τ.

140 1631 214 1696 294.
241 1628 350 1698 Ἔστω
376 1625 393 1696 ὁ
416 1632 486 1696 ΑΓ
510 1625 528 1697 ὁ
551 1634 584 1713 ε,
613 1625 631 1697 ὁ
656 1627 693 1696 οι
716 1634 777 1697 Γπ
802 1626 820 1696 ὁ
845 1614 874 1695 ο.
920 1618 1027 1696 <306
1051 1628 1084 1708 ιε
1104 1650 1139 1701 ιο

72 1731 185 1802 αὐτῶν
205 1731 223 1803 6
241 1727 270 1803 δ’
289 1733 375 1822 πρὸς
393 1735 454 1822 μέν
472 1734 534 1804 τὸν
553 1722 574 1803 δ
591 1732 696 1821 λόγον
714 1739 796 1823 ἔχει,
819 1729 861 1804 δν
877 1733 1086 1821 τετράγωνος

72 1839 157 1926 πρὸς
178 1840 401 1928 τετράγωνον,
424 1839 508 1929 πρὸς
531 1841 569 1909 δὲ
590 1841 652 1910 τὸν
673 1852 692 1908 ἓ
715 1837 777 1910 οὐκ
799 1845 874 1928 ἔχει.
919 1839 1023 1927 λόγον
1048 1840 1086 1908 66

72 1949 313 2034 ἔχεινλέγεται
337 1946 482 2035 ἀριθμὸς
509 1945 593 2036 πρὸς
615 1944 821 2035 ἀριθμόν,
810 1945 852 2017 δν
879 1945 1086 2035 τετράγωνος

73 2051 158 2139 πρὸς
178 2051 401 2138 τετράγωνον,
426 2050 507 2121 ὅταν
531 2053 652 2140 μεταξὺ
675 2056 753 2140 ἐμπί
752 2078 816 2182 666
840 2051 1026 2142 άοιθμὸς’
1008 2080 1086 2120 ανα-

74 2163 194 2244 λογίαν
222 2157 350 2239 σῶζων·
388 2156 484 2226 διδ
469 2186 487 2227 ο
512 2164 545 2231 ιῖ
571 2161 626 2228 καὶ
650 2159 667 2228 6
692 2153 722 2228 6
744 2158 828 2246 πρὸς
850 2148 954 2229 τὸνδ
982 2160 1086 2246 λόγον
1104 2180 1140 2232 15

74 2260 264 2351 ἔχουσιν,
245 2290 287 2332 ον
310 2262 519 2351 τετράγωνος
541 2264 624 2349 πρὸς
645 2265 870 2352 τετράγωνον·
893 2272 1004 2336 πίπτει
1021 2264 1086 2353 γὰρ

73 2368 197 2458 μεταξὺ
214 2397 277 2439 τον
294 2380 322 2439 6
343 2371 397 2438 καλ
418 2358 476 2439 66
495 2376 526 2457 3,
549 2376 608 2438 καί
623 2369 755 2440 ἐστιν
733 2398 779 2451 ως
797 2368 815 2440 6
834 2382 861 2440 6
879 2371 964 2460 πρὸς
980 2371 1041 2441 τὸν
1055 2377 1086 2457 3,

75 2475 184 2558 οὕτως
207 2475 225 2547 6
248 2484 269 2550 3
291 2477 376 2564 πρὸς
397 2477 458 2547 τὸν
482 2465 518 2564 6,
546 2476 729 2564 μεταξὺδδ
752 2482 812 2546 τοῦ
835 2483 868 2550 ἴς
890 2480 947 2546 καὶ
971 2466 1087 2565 666.

143 2587 217 2652 295.
243 2582 389 2652 '“Eovm
372 2611 393 2671 6
414 2581 485 2651 A‘
469 2610 490 2670 6
513 2583 640 2671 πλευρά
663 2610 725 2652 τον
744 2613 756 2652 ι
779 2577 865 2653 οὖσα
888 2583 1089 2672 μονάδωνγ

75 2693 205 2759 λεπτῶν
228 2697 277 2759 λῑ·
313 2696 397 2759 ἔστω
422 2689 464 2777 δὴ
492 2687 592 2758 καὶ
575 2717 617 2777 η
621 2697 693 2758 ΖΗ
719 2693 774 2758 καλ
802 2689 886 2777 αὐτὴ
915 2689 935 2778 6
960 2690 1085 2777 πλευρά
1105 2711 1141 2762 20

74 2801 186 2865 τοῦῐ·
223 2795 328 2882 λοη”
307 2823 373 2883 αμα
401 2793 421 2883 6
446 2804 480 2863 Δ
506 2806 546 2885 τῇ
572 2802 653 2863 ΖΗ·
690 2795 871 2883 σύμμετροι
895 2794 960 2880 ἄρα
983 2797 1088 2883 μήκει.

74 2931 97 2990 6
83 2903 154 2972 δὲ
174 2910 243 2972 ΕΗ
265 2895 351 2971 οὖσα
374 2904 533 2988 μονάδων
557 2887 582 2969 6
600 2905 729 2970 λεπτῶν
747 2901 889 2989 πρῶτων
909 2906 942 2974 ιῖ
964 2901 1084 2973 ἔστω
1066 2930 1087 2989 η

75 3009 203 3096 πλευρὰ
225 3019 286 3078 τοῦ
310 3015 354 3095 ΐη.
400 3013 469 3076 ἔστι
491 3006 656 3077 τοίνυν
634 3035 679 3088 ως
701 3005 720 3077 6
744 3007 847 3076 m*
826 3035 900 3095 ητοι
923 3004 942 3077 6
966 3034 982 3077 ε
1005 3007 1089 3096 πρὸς

75 3115 137 3184 τὸν
152 3123 229 3184 ΑΒ·
254 3119 361 3201 ἔχεται
380 3113 443 3200 γάρ
463 3111 565 3194 αὐτὸς
586 3117 642 3183 καλ
660 3116 804 3200 τέσσαρα
822 3113 928 3183 αὐτου
913 3115 1089 3201 πέμπτα·

76 3222 185 3300 οὕτως
212 3223 268 3288 καλ
297 3217 314 3288 6
345 3217 411 3287 άπὸ
439 3224 498 3305 τῆς
521 3225 592 3287 ΖΗ
614 3219 822 3308 τετράγωνος
844 3218 863 3289 6
887 3221 1006 3307 ῖπρὸς
1027 3219 1086 3289 τὸν·
1106 3241 1142 3292 2⁶

75 3325 142 3395 άπὸ
166 3330 225 3413 τῆς
245 3333 305 3394 ΕΖ
328 3324 541 3412 τετράγωνον
564 3325 624 3395 τὸν
647 3332 695 3413 6·
719 3330 826 3413 ἔχεται
848 3326 913 3414 γὰρ
931 3327 995 3396 κάν
1013 3328 1089 3396 τού-

75 3459 148 3513 τοις
170 3431 188 3501 δ
212 3437 229 3499 ῖ
247 3428 314 3500 ὑπὸ
338 3442 400 3500 τοῦ
424 3433 515 3500 {aaz
536 3436 559 3519 6
582 3434 638 3500 καὶ
661 3434 804 3519 τέσσαρα
824 3431 928 3502 αὐτοῦ
946 3436 1088 3519 πέμπτα·

75 3539 117 3606 τὰ
141 3538 206 3626 γὰρ
230 3534 331 3623 ὀκτῶ,
364 3534 415 3617 οἷς
437 3536 589 3625 ὑπερέχει
613 3534 631 3606 6
655 3543 691 3623 ὦ
713 3541 774 3605 τοῦ
796 3542 824 3623 ῖ,
856 3538 1000 3626 τέσσαρά
1024 3544 1090 3608 εἰσι

75 3651 138 3714 τοῦ
161 3646 241 3714 δέκα
264 3646 401 3732 πέμπτα.

77 3749 327 3840 ’Ῑοιῗῖιῑμ
400 3776 461 3826 τοι.
480 3769 579 3840 q(P¹).

151 3884 192 3933 14.
213 3872 347 3948 άοιδμάς]
368 3872 469 3948 6026·
492 3894 520 3949 q.
593 3881 640 3935 22.
660 3876 741 3953 RH]
755 3894 812 3934 τοι,
830 3878 896 3932 E'L.
