2414 4236
221 504 378 558 scnom
394 506 434 559 m
451 503 729 557 mmmmm
746 504 886 558 LIBRUM
898 505 921 559 1.
1007 500 1076 571 105

57 648 126 732 γῆν
143 634 228 713 ’καί
243 643 409 733 Δήμητρά
440 670 530 725 τινες
557 645 614 712 καὶ
644 649 704 731 τῆς
735 641 815 730 ὅλης
841 641 933 727 Ῥέας
963 643 1072 733 αύτην

55 751 206 839 μετέχειν
223 757 341 838 φασίν,
363 751 420 819 καὶ
437 752 547 819 πάντα
566 751 657 820 ἐστὶν
676 754 714 819 έν
732 747 816 840 αὐτῇ
835 751 876 819 τά
893 753 1074 840 γεννητικὰ

58 864 151 925 αίτια
171 848 331 946 χθονίας.
374 855 437 945 τὴν
462 863 583 926 τοίνυν
610 863 691 939 μίαν
718 859 841 927 ἕνωσιν
869 863 937 926 τῶν
962 865 1073 928 θείων

56 962 189 1032 τούτων
213 967 325 1050 γενῶν
351 963 413 1050 τὴν
440 963 688 1052 τετραγωνικην
715 983 800 1050 φησι
826 970 956 1049 γωνίαν
982 991 1072 1050 περι-

56 1071 159 1157 έχειν.
198 1066 414 1152 ἀπεικάζουσι
442 1069 480 1138 δέ
506 1070 563 1137 καί
590 1068 674 1156 πρὸς
700 1067 762 1155 τὴν
790 1069 970 1155 σύμπασαν
997 1070 1070 1158 ἀρε·
1109 1090 1127 1139 ο

51 1176 117 1262 τὴν
138 1173 179 1244 τδ
202 1174 417 1262 τετράγωνον
445 1173 492 1255 ῶς
520 1180 598 1263 ἔχον
621 1176 777 1260 τέτταρας
801 1173 909 1262 ὀρθὰς
941 1183 1071 1245 τελείαν

54 1281 217 1369 ἑκάστην,
248 1273 333 1371 ᾗπερ
362 1281 405 1369 δὴ
433 1282 489 1349 καὶ
515 1280 576 1361 τὰς
603 1278 722 1368 ἀρετὰς
753 1282 894 1368 λέγομεν
926 1281 1071 1369 έκύστην

54 1393 187 1457 τελείαν
209 1388 267 1455 καὶ
289 1385 439 1475 αύταρκῆ
462 1387 520 1456 καὶ
540 1384 686 1474 ἄμετρον
708 1386 764 1455 καὶ
792 1385 876 1475 ὅρον
901 1393 961 1475 τῆς
988 1392 1074 1475 ζωῆς

56 1493 114 1561 καὶ
137 1492 244 1574 κάσας
266 1495 450 1580 μεσότητας
472 1491 632 1580 ἀμβλείας
653 1494 710 1561 καὶ
733 1492 851 1575 ὀξείας.
893 1499 947 1563 δεῖ
968 1494 1005 1563 δέ
1023 1493 1069 1582 μὴ

57 1598 256 1686 λανθάνειν,
272 1599 363 1680 ὅκως
376 1599 438 1688 τὴν
452 1599 727 1688 μέντριγωνικὴν
735 1598 894 1685 γωνίανὸ
907 1600 1074 1680 Φιλόλαος
1092 1617 1127 1666 ιο

57 1707 234 1792 τέτταρσιν
254 1703 381 1792 ἀνῆκεν
401 1715 514 1792 θεοῖς,
536 1705 600 1792 τὴν
624 1705 662 1774 δὲ
682 1705 931 1794 τετραγωνικὴν
952 1711 1073 1794 τρισίν,

56 1810 315 1900 ἐνδεικνύμενος
347 1808 460 1882 αύτῶν
491 1810 554 1900 τὴν
585 1810 630 1880 δι’
656 1808 811 1898 ἀλλήλων
839 1813 988 1901 χῶρησιν
1014 1812 1072 1880 καί

54 1917 118 2006 τὴν
142 1918 181 1987 έν
200 1927 304 1986 κᾶσιν
327 1916 465 1986 τιάντων
486 1923 670 1987 κοινωνίαν
692 1922 760 1986 τῶν
782 1944 818 1986 τε
841 1922 1009 2008 περισσῶν
1033 1921 1071 1988 έν

57 2037 129 2104 τοῐς
149 2022 278 2113 ἀρτίοις
300 2024 448 2094 καὶτῶν
471 2023 597 2111 ἀρτίων
616 2027 653 2092 έν
671 2037 742 2104 τοῖς
759 2038 938 2112 περισσοῖς.
975 2023 1072 2112 τριὰς

61 2122 129 2199 ούν
153 2129 328 2217 τετραδικὴ
356 2131 413 2198 καὶ
439 2128 557 2217 τετρὰς
580 2129 736 2216 τριαδικὴ
762 2133 831 2198 τῶν
858 2156 894 2199 τε
920 2137 1072 2217 γονίμων
1093 2147 1129 2196 1ο

56 2239 256 2325 μετέχουσαι
272 2236 329 2305 καὶ
346 2240 529 2324 ποιητικῶν
548 2233 692 2322 ἀγαθῶν
708 2234 771 2321 τὴν
791 2234 874 2322 ὅλην
893 2238 1072 2323 συνέχουσι

57 2347 128 2411 τῶν
153 2352 306 2430 γενητῶν
335 2344 571 2430 διακόσμησιν·
614 2341 674 2429 ἀφ’
700 2332 750 2409 ῶν
777 2337 798 2427 ἡ
827 2340 1000 2421 δυωδεκάς
1027 2347 1074 2421 είς

57 2454 139 2537 μίαν
162 2447 296 2537 μονάδα
322 2447 385 2536 τὴν
411 2452 474 2517 τοῦ
498 2447 585 2529 Διὸς
611 2445 721 2537 ἀρχὴν
747 2446 969 2516 ἀνατείνεται·
1011 2445 1073 2533 τὴν

55 2553 124 2643 γάρ
153 2558 218 2624 τοῦ
250 2554 499 2641 δωδεκαγύνου
530 2559 660 2641 γωνίαν
689 2552 776 2634 Διὸς
800 2551 892 2622 εἷναί
920 2574 1026 2641 φησιν
1053 2548 1072 2620 δ

59 2660 243 2746 Φιλόλαος,
270 2659 316 2741 ῶς
337 2659 420 2729 κατὰ
443 2666 525 2747 μίαν
548 2663 672 2728 ἕνωσιν
693 2671 756 2729 τοῦ
779 2659 865 2741 Διὸς
888 2658 971 2730 ὅλον
993 2681 1073 2728 συν-
1091 2676 1131 2725 κο

58 2770 198 2856 ίχοντος
207 2766 270 2836 τὸν
288 2778 346 2853 τῆς
364 2765 580 2847 δυωδεκάδος
598 2763 764 2854 ἀριθμόν·
786 2765 915 2854 ἡγεῖται
932 2767 998 2853 γὰρ
1016 2766 1074 2834 καὶ

56 2874 148 2963 παρὰ
170 2876 217 2964 τῷ
240 2873 401 2942 Πίάτωνι
425 2872 638 2953 δυωδεκύδος
661 2871 680 2941 ὁ
705 2872 789 2954 Ζεύς
815 2875 871 2943 καὶ
898 2872 1073 2951 ἀαολύτως

57 2979 267 3068 ἐπιτροπεύει
298 2979 336 3049 τὸ
368 2981 445 3047 πᾶν.
495 2985 641 3048 τοσαῦτα
672 2981 729 3047 καὶ
759 2982 835 3066 περὶ
865 2983 934 3046 τῶν
962 3003 1075 3063 τετρα-

56 3085 216 3173 πλεύρων
238 3094 372 3174 εἴχομεν
394 3086 505 3172 λέγειν
526 3085 589 3173 τήν
612 3112 646 3155 τε
673 3097 735 3154 τοῦ
763 3087 977 3170 στοιχειωτοῦ
1001 3080 1073 3148 διά-

57 3218 159 3264 νοιαν
182 3194 419 3281 ἐμφανίζοντες
440 3191 497 3259 καί
515 3188 600 3277 πρὸς
617 3189 677 3269 τὰς
694 3189 987 3278 θεωρητικωτέρας
1006 3189 1072 3254 έττι-
1092 3205 1133 3254 εσ

57 3298 162 3387 βολὰς
184 3297 343 3386 ἀφορμὰς
364 3297 518 3376 διδόντες
539 3310 609 3377 τοῖς
626 3299 695 3364 τῶν
713 3306 848 3381 νοητῶν
859 3293 916 3360 καὶ
931 3289 1076 3378 ἀφανῶν

58 3403 190 3476 ούσιῶν
211 3415 271 3492 τῆς
294 3403 451 3490 γνύσεως
475 3404 671 3491 ἐρωμένοις.

127 3510 347 3599 Παράίληίοι
366 3507 503 3603 εὐθεῖαί
518 3515 615 3595 εἰσιν,
639 3511 763 3586 αἵτινες
781 3509 818 3574 έν
837 3509 882 3597 τῷ
898 3502 988 3597 αύτῷ
1008 3505 1076 3571 έαι-

132 3712 159 3763 δ.
179 3708 315 3777 χθονίων,
333 3722 403 3763 corr.
422 3722 458 3759 m.
479 3711 503 3758 1.
575 3708 600 3758 ⁶.
621 3702 686 3774 καί]
706 3701 754 3756 καί
773 3697 832 3771 ιη’ν.
888 3707 929 3756 11.
948 3697 1078 3768 τέταρσιν

59 3796 148 3851 supra
166 3777 231 3833 εδδ.
248 3796 274 3832 τ.
366 3782 408 3831 11.
432 3771 487 3847 δι’]
509 3772 551 3831 δέ.
642 3779 684 3828 13.
709 3770 753 3846 lv]
774 3772 873 3845 (prius)
892 3787 964 3827 cort.
981 3786 1019 3827 οι
1036 3765 1085 3841 ἐμ.

94 3856 140 3906 24.
160 3846 308 3920 διάνοιαν]
326 3842 378 3916 τὴν
396 3844 535 3902 διάνοιαν.
