2414 4236
202 501 359 553 SCHOLIA
377 502 415 554 IN
434 500 706 552 ELEMENTORUM
724 499 863 551 LIBRUM
877 499 923 552 VI.
1005 495 1067 560 331

54 645 118 709 τοῦ
140 646 163 727 p
183 624 356 727 ὑπολόγου
379 645 506 727 γίνεται
529 631 575 726 ᾧ,
597 640 654 708 καὶ
678 630 780 718 αὖθις
798 634 816 706 ὁ
835 642 897 707 τοῦ
916 635 1072 726 ἡμιολίου

54 746 225 834 πρόλογος
241 752 316 831 τρία
334 746 640 826 πολυπλασιασθεὶς
653 742 734 832 μετὰ
746 747 808 812 τοῦ
823 746 886 811 δύο
899 741 1072 829 ὑπολόμου

54 859 185 940 γίνεται
217 854 266 937 ἓξ,
299 844 349 922 ὦν
381 852 555 931 διπλάσιός
587 854 678 920 ἐστιν
705 849 723 918 ὁ
752 842 788 936 sp*
813 853 944 934 πρῶτος
970 856 1071 917 πολυ-

54 958 271 1045 πλασιασμός.

445 1121 500 1185 Ad
524 1142 628 1205 prop.
649 1117 692 1185 Π,
1108 1145 1124 1194 5

126 1247 176 1311 12.
210 1239 282 1311 Ἐπὶ
305 1240 368 1330 τὴν
387 1250 453 1311 ΑΒ
476 1241 622 1310 κάθετον
645 1266 676 1328 p.
692 1245 743 1325 78,
759 1244 814 1324 18]
839 1237 881 1307 οὐ
903 1239 990 1324 λέγει
1008 1235 1071 1323 τὴν

55 1356 141 1434 ΕΔ,
163 1346 249 1417 άλλά
272 1348 379 1437 άλλην
401 1348 477 1417 τινὰ
501 1346 564 1434 τὴν
588 1347 780 1433 δυναμένην
804 1343 910 1425 οὕτως
932 1344 986 1413 ἐπὶ
1008 1343 1072 1429 τὴν

56 1464 125 1524 ΑΒ
148 1469 271 1524 πεσεῖν.

434 1617 489 1682 Ad
513 1637 619 1702 prop.
640 1614 700 1680 III.

128 1742 175 1806 13.
214 1747 404 1827 Διαχθεῑσα
426 1735 447 1825 ἡ
472 1745 539 1806 ΒΑ
561 1737 772 1824 συμπιπτέτω
796 1737 879 1826 αὐτῇ
903 1761 935 1822 p.
958 1739 1010 1820 82,
1034 1737 1069 1818 6]
1092 1763 1124 1812 10

54 1843 167 1912 πόθεν
195 1848 316 1931 δῆλον,
349 1843 400 1912 ὅτι
428 1841 449 1930 ἡ
474 1850 540 1911 ΒΑ
568 1844 793 1931 ἐκβαλλομένη
822 1846 1000 1929 συμπίπτει
1031 1842 1071 1927 τῇ

57 1957 123 2019 ΓΕ
144 1949 275 2040 εὐθείμ;
307 1951 362 2018 καὶ
386 1952 526 2037 λέγομεν
546 1946 665 2030 οὕτως·
689 1947 751 2034 ὅτι,
775 1949 845 2017 ἐπεὶ
862 1945 1073 2036 παράλληλός

56 2059 148 2125 ἐστιν
172 2052 193 2141 ἡ
221 2065 292 2124 ΑΔ
318 2066 358 2145 τῇ
386 2063 463 2142 ΓΕ,
496 2057 552 2124 καὶ
579 2060 627 2135 εές
654 2055 716 2141 μὲν
743 2055 806 2141 τὴν
833 2063 904 2122 ΑΛ
932 2051 1072 2122 εὐθεῖαν

58 2162 269 2248 ἐμπέπτωκεν
287 2158 308 2247 ἡ
326 2166 401 2247 ΑΓ,
423 2163 479 2229 καὶ
502 2165 549 2241 εἰς
571 2161 633 2246 τὴν
655 2166 728 2245 ΓΕ,
751 2164 799 2240 εἰς
822 2159 860 2228 δέ
882 2157 944 2246 τὴν
967 2164 1031 2226 ΓΕ
1051 2156 1071 2243 ἡ

58 2274 139 2351 ΒΕ,
166 2267 222 2333 καὶ
245 2270 293 2346 εές
314 2265 377 2354 τὴν
398 2276 469 2335 ΑΔ
492 2271 653 2355 ἐμπίπτει·
691 2271 722 2334 εἰ
747 2263 811 2352 γάρ
835 2264 998 2351 δυνατόν,
1026 2265 1071 2351 μὴ
1093 2291 1125 2340 1⁶

55 2375 285 2459 συμπιπτέτω,
317 2369 390 2441 ἀλλ’
416 2379 500 2442 ἔστω
529 2371 614 2461 αὐτῇ
646 2371 866 2459 παράλληλος.
916 2371 971 2438 καὶ
1003 2369 1072 2438 ἐπεὶ

56 2483 96 2568 τῇ
120 2485 186 2547 ΓΕ
205 2478 416 2566 παράλληλός
438 2481 528 2549 ἐστιν
551 2478 572 2566 ἡ
597 2489 667 2548 ΑΛ
690 2479 746 2547 καὶ
769 2475 789 2566 ἡ
814 2484 892 2563 ΒΑ,
917 2479 954 2543 αλ
971 2475 1008 2544 δὲ
1030 2479 1071 2564 τῇ

56 2581 142 2675 αὐτῇ
161 2583 279 2676 εὐθείᾳ
297 2586 504 2673 παράλληλοι
523 2587 578 2654 καὶ
596 2583 756 2674 ἀλλήλαις
774 2586 837 2653 εέσλ
852 2583 1072 2671 παράλληλοι·

56 2688 142 2760 ὥστε
160 2692 215 2760 καὶ
233 2688 254 2779 ἡ
269 2700 337 2760 ΒΕ
355 2697 396 2782 τῇ
412 2702 444 2760 Α
449 2701 483 2760 Δ
501 2696 569 2762 ἐστι
587 2692 807 2778 παράλληλος.
845 2690 1004 2760 συνέπεσε
1022 2690 1072 2757 ‹56-

55 2795 119 2865 οὐκ
141 2795 208 2881 ἄρα
230 2797 441 2886 παράλληλός
460 2801 550 2868 ἐστιν
570 2797 672 2885 ἡΒΕ
687 2802 727 2887 τῇ
742 2803 812 2865 ΓΕ.
846 2797 1070 2882 ἐκβαλλομένη
1091 2821 1125 2870 υο

54 2899 123 2987 άρα
147 2905 365 2989 συμπιπτέτω.

127 3013 176 3075 14.
217 3013 266 3078 Αἱ
293 3009 360 3080 ὑπὸ
390 3016 503 3097 ΕΑΓ,
528 3017 630 3079 ΑΓΕ
659 3013 722 3079 δύο
753 3009 872 3098 ὀρθῶν
904 3008 1071 3089 ἐλάττους·

54 3110 175 3183 εὐθεῖα
198 3113 262 3204 γάρ
286 3113 307 3203 ἡ
326 3123 388 3185 ΓΑ
410 3116 463 3185 ἐπὶ
486 3115 549 3203 τὴν
569 3123 632 3184 ΕΒ
656 3114 833 3203 ἐφεστάτω.
869 3119 908 3184 αλ
924 3106 986 3185 οὖν
1004 3112 1070 3183 ὑπὸ

56 3227 172 3307 ΕΑΓ,
196 3228 290 3291 ΓΑΒ
319 3224 380 3290 δύο
409 3223 529 3307 ὀρθαί,
561 3221 719 3302 ἐλάττους
746 3221 784 3290 δὲ
807 3221 871 3290 δύο
895 3219 1014 3308 ὀρθάν
1037 3224 1074 3288 αλ

53 3322 122 3395 ὑπὸ
146 3335 250 3397 ΕΑΓ
277 3330 333 3396 καὶ
360 3326 425 3396 ὑπὸ
454 3334 568 3413 ΓΑΔ,
601 3318 650 3395 άν
680 3325 701 3415 ἡ
729 3325 796 3397 ὑπὸ
819 3333 919 3395 ΓΑΔ
948 3336 1003 3413 ἴση
1031 3331 1071 3416 τῇ
1091 3352 1125 3402 26

54 3429 121 3500 ὑπὸ
144 3439 247 3501 ΑΓΕ
267 3433 324 3502 διὰ
346 3434 385 3503 τὸ
410 3435 564 3521 ἐμπεσεῖν
587 3439 634 3514 ελς
656 3432 889 3522 παραλλήλους
911 3434 971 3514 τὰς
988 3442 1071 3518 ΑΔ,

56 3544 124 3605 ΕΓ
141 3537 205 3627 τὴν
227 3546 300 3608 ΑΓ.

56 3658 271 3670 t———-

130 3705 171 3753 12.
189 3698 238 3755 V!
315 3705 355 3754 1³.
373 3699 449 3755 Bw.
525 3704 567 3754 14.
586 3698 634 3754 Ψ.

58 3800 272 3810 ——--.

132 3846 173 3895 14.
192 3842 258 3913 καί]
279 3859 331 3898 om.
351 3839 385 3896 V.
452 3846 493 3898 19.
513 3838 671 3900 συνέπεσεν
687 3838 724 3899 B.
782 3844 832 3899 (λλ.
851 3838 1093 3915 σιάΧοοοῑεΝ.
