2414 4236
228 510 385 563 scnom
403 511 440 561 IN
459 510 735 564 BLBMENTORUM
751 513 891 565 LIBRUM
904 514 925 566 I.
1015 512 1079 579 125

60 651 191 739 φότερα
213 649 252 718 δέ
274 646 320 730 ὥς
341 648 393 718 ἐπ’
418 653 562 719 ἐκείνου·
600 654 638 718 αἱ
659 651 831 738 διάμετροι
854 657 923 721 τῶν
945 654 1078 723 κύκλων

61 757 120 825 καὶ
142 760 210 826 τῶν
233 758 416 836 ἐλλείψεων
433 756 474 825 τά
492 783 527 825 τε
546 762 650 843 χωρία
670 761 747 844 δίχα
767 761 937 845 διαιροῦσι
952 759 1079 840 καὶτὰς

61 861 281 951 περιεχούσας
306 860 348 930 τά
376 868 482 950 χωρία
509 862 670 950 γραμμάς.
715 867 784 932 τῶν
813 864 850 931 δὲ
874 875 1079 952 συμπεπλεγ-

63 970 177 1057 μένων
197 967 239 1038 τὰ
261 971 324 1056 μέν
342 970 411 1037 ἐστι
429 968 606 1050 ιιαθολιιιά,
629 968 669 1037 τά
689 969 727 1037 δὲ
745 972 780 1038 ἐκ
798 974 866 1038 τάν
886 972 938 1039 ἐπὶ
957 975 1079 1058 μέρους

63 1077 202 1162 συνάγει
224 1073 263 1145 τὸ
283 1075 445 1144 καθόλου.
478 1074 609 1144 τούτων
630 1076 671 1163 δή
690 1080 1021 1164 προτεθεωρημένων
1039 1078 1077 1148 τὸ
1116 1103 1132 1151 5

61 1185 211 1269 πέμπτον
234 1181 397 1270 θεάρημα
420 1181 591 1250 σύνθετον
618 1182 751 1262 πάντως
779 1184 900 1269 ῥητέον
926 1184 982 1250 καὶ
1005 1183 1075 1253 κατ’

61 1286 237 1375 ἀμφότερα
261 1286 431 1357 σύνθετον
449 1286 532 1357 ιιατά
551 1314 586 1357 τε
604 1286 642 1356 τὸ
662 1291 847 1376 δεδομένον
866 1288 1022 1357 καὶκατὰ
1040 1288 1078 1359 τὸ

63 1394 279 1482 ζητούμενον.
315 1394 368 1463 ἐπὶ
388 1393 426 1462 δέ
448 1398 508 1463 τοῦ
533 1393 682 1481 ἑβδόμου
703 1395 758 1462 ιιαλ
778 1400 839 1464 τοῦ
859 1395 981 1464 ἐνάτου
995 1405 1078 1464 θεω-

62 1500 211 1586 ρήματος
232 1499 292 1580 τὰς
315 1503 503 1587 φερομένας
526 1499 697 1580 ἐνστάσεις
720 1499 784 1569 άπὸ
813 1501 937 1570 τούτου
965 1501 1079 1569 διαλύ-

63 1627 180 1692 σομεν.
216 1608 252 1674 ἐιι
273 1604 315 1692 δή
339 1603 464 1674 τούτου
486 1604 649 1692 φανερόν,
671 1608 727 1674 καὶ
752 1605 796 1673 δι’
818 1604 861 1694 ἣν
884 1612 995 1674 αἰτίαν
1018 1605 1079 1675 οὐκ
1100 1632 1133 1680 10

64 1711 289 1799 ἀπέστρεψεν
310 1713 366 1780 καὶ
389 1710 455 1780 άπὸ
480 1711 603 1780 τούτου
620 1711 658 1780 τὸ
678 1714 774 1781 ἕιιτου
794 1710 839 1792 ὠς
858 1711 939 1781 οὐδὲ
956 1713 1080 1782 τούτου

64 1820 325 1906 προηγουμένην
348 1824 482 1905 ἔχοντος
505 1824 632 1906 χρείαν,
658 1816 741 1887 ἀλλὰ
765 1817 847 1886 κατά
872 1818 1080 1906 συμβεβηκὸς

63 1922 144 2012 ἡμῖν
166 1923 253 2012 πρὸς
274 1925 337 2010 τήν
361 1924 445 2011 ὅλην
464 1924 648 2011 ἐπιστήμην
667 1929 919 2006 συντελοῦντος.
955 1925 1079 2013 εὕρεμα

65 2032 107 2098 δέ
128 2029 251 2099 ἐστιτὰ
274 2029 437 2118 θεάρημα
460 2036 559 2100 τοῦτο
584 2035 706 2099 Θαλοῦ.

444 2228 500 2293 Ad
523 2251 627 2314 prop.
651 2228 707 2293 VI.
1101 2248 1133 2297 ιο

131 2353 184 2418 38.
221 2348 268 2418 Τὸ
287 2351 582 2438 κατηγορούμενον
612 2351 649 2418 ἐν
678 2352 724 2440 τῷ
754 2359 771 2416 ἓ
799 2349 1011 2435 θεωρήματι,
1043 2351 1080 2417 ἐν

65 2459 111 2547 τῷ
134 2459 155 2527 ἒ
176 2453 401 2544 ὑποκείμενον
423 2459 574 2543 γέγονεν,
597 2456 653 2524 καὶ
676 2453 713 2524 τὸ
738 2451 959 2543 ὑποκείμενου
980 2459 1016 2524 ἐν
1035 2459 1080 2547 τῷ

63 2572 82 2632 ἒ
104 2563 211 2653 ἐντῷ
235 2568 257 2634 ξ
277 2561 572 2650 κατηγορούμενον
595 2563 743 2648 γέγονεν.

132 2671 187 2737 39.
222 2666 277 2737 Ἐν
305 2667 413 2758 τούτῳ
440 2673 485 2759 τῷ
515 2668 547 2740 ς’
569 2668 763 2755 θεωρήματι
792 2665 858 2737 δύο
882 2674 986 2739 ταῦτα
1013 2672 1081 2738 ἐπε-

67 2776 197 2856 δείξατο
211 2774 275 2862 τήν
288 2801 323 2843 τε
344 2774 574 2862 ἀντιστροφὴν
591 2779 652 2842 τοῦ
666 2775 730 2860 πρὸ
746 2773 851 2844 αὐτοῦ
865 2775 1082 2864 θεωρήματος
1101 2797 1136 2846 20

64 2882 120 2950 καὶ
145 2880 203 2949 διά
226 2907 262 2948 τε
286 2884 343 2968 τῆς
366 2885 414 2961 είς
442 2879 614 2950 άὸύυατον
642 2878 822 2968 ἀπαγωγῆς
850 2886 994 2964 δείξεως·
1032 2887 1085 2950 δεῖ

66 2987 104 3057 δέ
125 2986 205 3077 περὶ
231 2984 433 3076 άμφοτέρων
462 2991 584 3072 εἰπεῖν,
617 2984 679 3055 ὅσα
706 2985 790 3074 πρὸς
816 2986 878 3074 τήν
906 2986 1083 3074 παροῦσάν

65 3096 137 3163 ἐστι
159 3099 390 3181 πραγματείαν
412 3099 526 3163 οίιιετα.
573 3096 701 3178 λέγεται
729 3099 848 3162 τοίνυν
876 3090 1083 3181 άντιστροφή

66 3198 158 3288 παρά
180 3201 382 3287 γεωμέτραις
404 3201 666 3287 προηγουμένως
688 3200 744 3266 ιιαλ
771 3205 910 3285 κυρίως,
938 3198 1020 3268 ὅταν
1043 3199 1084 3268 τά

66 3304 330 3395 συμπεράσματα
356 3307 412 3374 ιιαλ
439 3305 498 3386 τὰς
525 3303 706 3384 ὑποθέσεις
732 3303 888 3391 άλλήλων
911 3302 1083 3393 άυτιμετα-
1102 3328 1137 3378 2⁶

66 3410 231 3501 λαμβάνει
257 3410 297 3480 τὰ
325 3410 543 3500 θεωρήματα,
574 3412 631 3479 καί
662 3408 700 3479 τὸ
733 3410 795 3497 μὲν
826 3415 888 3479 τοῦ
919 3415 1085 3499 προτέρου

139 3576 183 3627 38.
202 3571 257 3625 mb
276 3570 323 3642 (de
343 3571 367 3624 V
386 3590 413 3625 u.
432 3571 496 3626 adn.
516 3571 595 3640 crit..)
668 3576 711 3625 39.
731 3572 762 3626 Ρ.

141 3721 184 3768 11.
210 3708 296 3785 οάδέ]
319 3711 422 3801 MR,
475 3718 516 3769 16.
541 3714 594 3767 Pro
613 3714 667 3768 hoc
686 3713 821 3768 scholio
813 3731 842 3767 m
861 3712 900 3768 V·
928 3732 970 3782 τη.
991 3733 1034 3768 οτι
1052 3710 1084 3768 τὸ

66 3782 244 3855 ζητοάμενον
262 3780 295 3841 έν
313 3785 352 3857 τῷ
370 3804 384 3839 ε
404 3805 421 3854 η
411 3775 618 3873 ’δεδομένον
618 3781 648 3838 έν
667 3783 755 3857 τιμᾶς
774 3784 878 3841 itemf.
933 3789 979 3841 21
996 3785 1092 3843 ἱιοουε

65 3858 227 3927 corruptus.
300 3861 345 3911 24.
364 3857 437 3910 Ante
453 3852 672 3928 προηγουμένως
688 3839 749 3917 del.
770 3856 877 3934 μένΡ.
