2414 4236
214 469 373 521 SCHOLIA
391 471 430 520 IN
447 467 723 520 ELEMENTORUM
741 469 882 521 LIBRUM
895 472 916 524 1.
1005 468 1070 533 205

54 607 259 698 παραβάλλει
290 607 415 696 μόνον,
443 605 461 675 ά
493 607 530 676 δὲ
559 608 718 689 σύστασις
741 607 825 679 όλον
847 608 1009 698 ύφίστησι
1031 608 1069 679 τὸ

55 721 182 803 χωρίον
204 715 260 783 καὶ
283 712 342 794 τάς
363 712 509 802 πλευράς
532 713 651 784 αὐτοῦ’
675 720 735 807 μιᾷ
752 743 817 804 γαρ
835 721 964 805 πλευρᾷ
986 743 1070 805 χρω-

55 825 140 910 μένη
162 825 202 911 τῇ
227 820 393 909 δεδομένῃ
417 817 537 911 εύθείῳ
559 821 758 911 περιεχούσῃ
782 819 820 891 τὸ
845 821 992 909 ἐμβαδὸν
1013 822 1072 903 τὰς

53 928 174 1008 λοιπὰς
196 927 380 1014 εἰσάγουσα
403 927 548 1015 πλευράς
572 927 648 996 οὔτε
673 928 889 1008 ἐλλειπούσας
906 927 989 996 κατά
1008 927 1071 1015 τὴν

55 1041 188 1103 ἔντασιν
204 1031 281 1101 ούτε
295 1032 552 1121 περιττεοούσας
560 1034 598 1102 τὸ
613 1039 738 1121 χωρίον
749 1032 940 1122 ὑφίστησιν.
960 1035 1071 1103 ἰστέον
1108 1054 1124 1103 σ

55 1141 105 1227 δέ,
128 1139 191 1227 ότι,
212 1137 266 1208 ὅτε
286 1139 348 1227 μὲν
367 1145 513 1228 τρίγωνα
527 1140 704 1227 τριγώνοις
718 1143 888 1210 ἐδείκνυεν
903 1148 968 1228 ἔσα,
985 1149 1071 1208 θεω-

54 1246 203 1334 ρήμασιν
221 1247 352 1334 ἐχρήτο,
371 1244 484 1333 ἐπειδή
504 1243 672 1332 ὁμοειδῶν
691 1245 800 1316 όντων
814 1251 882 1316 τών
895 1246 1072 1335 τριγώνων

55 1352 230 1440 αύτοῳνής
257 1344 301 1439 ήν
329 1353 385 1419 καί
412 1349 432 1439 ή
458 1350 572 1439 ίσότης
596 1355 632 1420 ἐν
656 1352 770 1434 αὐτοῖς
797 1355 853 1421 καὶ
876 1353 982 1440 μόνης
1005 1355 1070 1421 ἐπι-

56 1461 207 1546 βλέψεως
230 1463 312 1546 ἔδει,
341 1457 423 1545 ὅπερ
447 1464 547 1546 ἔργον
571 1464 633 1528 τοῦ
660 1459 893 1547 θεωρήματος,
923 1463 1072 1527 ἐνταῦθα

57 1566 114 1650 δέ,
143 1562 256 1652 ἐπειδή
282 1570 429 1651 τρίγωνα
452 1566 508 1633 καὶ
531 1565 861 1654 παραλληλόγραμμα
883 1563 924 1633 τδι
943 1564 1072 1632 δεικνύ-
1093 1587 1126 1634 10

57 1697 158 1758 μενα,
190 1677 250 1739 καί
273 1674 365 1740 ἐστιν
389 1676 492 1740 είδών
516 1672 691 1759 ἐξαλλαγή,
723 1670 744 1760 ή
773 1672 887 1758 ίσότης
913 1673 1074 1757 γενέσεως

57 1782 165 1846 δεῖται
187 1779 243 1845 καὶ
267 1782 417 1865 μηχανῆς
440 1775 486 1857 ώς
509 1777 589 1846 καθ’
610 1776 734 1865 ἑαυτήν
756 1772 842 1847 οὖσα
861 1779 1073 1865 δυσεύρετος·

59 1888 160 1972 ἔργον
183 1883 221 1952 δὲ
243 1883 453 1972 προβλήματι
476 1884 514 1952 τὸ
538 1882 596 1964 τὰς
618 1884 764 1971 γενέσεις
782 1888 850 1954 τών
869 1885 1073 1973 πραγμάτων

58 2003 179 2057 ποιεῖν.

131 2097 204 2164 139.
222 2093 389 2165 Ἐνταῦθα
405 2096 442 2164 δὲ
455 2100 514 2182 τής
527 2101 720 2184 παραβολῆς
734 2097 859 2184 ἐδεήθη
873 2101 918 2189 τῷ
934 2098 1072 2166 δοθέντι
1094 2116 1126 2165 15

59 2199 213 2293 τριγώνῳ
231 2201 321 2289 παρὰ
341 2201 403 2301 τήν
418 2206 583 2270 δοθεῖσαν
598 2198 736 2270 εύθεῖαν
752 2209 828 2269 ίσον
842 2204 956 2270 θέλων
969 2226 1073 2290 παροι-

59 2313 191 2394 βαλείν,
224 2311 282 2375 ἵνα
314 2307 358 2395 μή
388 2308 498 2393 μόνον
526 2307 687 2376 σύστασιν
716 2312 842 2395 ἔχωμεν
869 2315 1074 2395 παραλληλο-

59 2413 216 2502 γράμμου
243 2419 288 2505 τῷ
317 2417 456 2483 δοθέντι
482 2414 636 2505 τριγώνῳ
665 2424 757 2499 ἴσον,
789 2410 875 2481 ἆλλδι
906 2414 962 2482 καὶ
993 2410 1072 2501 παρ’

60 2518 200 2589 εύθεῐαν
233 2517 425 2608 ὡρισμένην
457 2520 661 2608 παραβολήν.
717 2516 792 2589 οἷον
823 2519 993 2610 τριγώνου
1021 2524 1074 2588 δο-

58 2629 182 2706 θέντος
204 2624 241 2713 τὸ
261 2625 410 2712 ἐμβαδὸν
430 2633 565 2715 ἔχοντος
584 2626 714 2694 δώδεκα
732 2631 860 2714 ποδών,
884 2624 1019 2707 εὐθείας
1037 2626 1075 2696 δέ
1094 2646 1129 2695 20

60 2734 261 2820 ἐκκειμένης,
285 2723 324 2818 ής
342 2733 380 2800 τὸ
400 2733 506 2820 μήκός
523 2736 592 2801 ἐστι
605 2734 777 2823 τεσσάρων
790 2739 919 2819 ποδῶν,
942 2733 979 2801 τὸ
999 2744 1074 2802 ἔσον

59 2838 213 2929 τριγώνῳ
232 2838 321 2927 παρὰ
339 2837 401 2925 τήν
421 2838 561 2907 εὐθεῖαν
574 2840 844 2927 παραβάλλομεν,
868 2844 899 2908 εί
915 2839 1076 2926 λαβόντες

60 2944 98 3013 τὸ
123 2948 227 3033 μήτιος
250 2947 318 3012 τῶν
340 2945 506 3031 τεττάρων
529 2950 644 3015 ποδῶν
668 2945 827 3033 εὕρομεν,
850 2945 965 3013 πόσων
988 2943 1075 3014 εἶναι

61 3056 115 3119 δεῖ
144 3050 330 3125 ποδών,τδ
359 3052 496 3137 πλάτος,
529 3055 587 3121 ’ίνα
612 3058 659 3146 τῷ
687 3052 840 3143 τριγώνῳ
867 3052 1075 3138 παραλληλό-

60 3184 217 3244 γραμμον
236 3165 312 3225 ἴσον
329 3158 475 3244 γένηται.
507 3156 663 3246 εὑρόντες
682 3153 756 3242 οὖν,
779 3164 810 3227 εί
826 3158 931 3246 τύχοι,
953 3158 1076 3237 πλάτος
1094 3174 1128 3225 25

60 3267 165 3350 τριών
188 3267 304 3331 ποδών
326 3263 382 3330 καὶ
405 3268 603 3350 ποιήσαντες
625 3292 662 3333 το
687 3275 791 3352 μήτιος
814 3264 867 3331 ἐπὶ
884 3261 922 3332 τὸ
942 3263 1075 3349 πλάτος,

61 3371 162 3437 τοῦτο
187 3367 224 3436 δὲ
248 3367 356 3456 όρθής
379 3368 482 3456 ούσης
505 3374 564 3457 της
586 3373 774 3459 ἐκκειμένης
796 3375 934 3457 γωνίας,
958 3372 1075 3457 ἕξομεν

136 3603 195 3655 139.
214 3600 244 3655 Ρ.

138 3816 181 3869 10.
199 3808 312 3885 ἐπειδή]
331 3814 397 3883 post
414 3830 467 3868 τοι.
487 3813 520 3867 V.
595 3820 636 3869 11.
656 3809 688 3889 ἡ]
707 3830 762 3871 om.
781 3812 842 3885 Vq.
