2424 4320
135 474 202 539 504
293 474 450 527 scnom
467 475 506 525 IN
525 473 796 526 ELEMENTORI'M
814 471 955 524 LIBRUM
965 470 1001 525 Χ.

134 615 172 683 τό
202 613 268 684 ὑπὸ
297 620 365 682 τῶν
394 613 457 683 δύο
486 615 598 700 μέσων
625 616 671 704 τῷ
698 610 764 681 άπὸ
791 615 851 698 τῆς
871 610 977 682 voss?
1003 614 1152 697 πλευράς

134 723 312 812 γινομένω.
364 719 404 789 τδ
432 720 469 789 δὲ
496 718 562 789 άπὸ
588 731 647 806 τῆς
674 722 819 806 πλευρᾶς
845 721 908 786 τοῦ
935 722 956 789 ἒ
986 716 1151 802 μονάδων

136 829 228 897 ἐστὶν
251 832 284 899 ξ·
321 828 376 894 καί
404 825 442 893 τὸ
465 823 533 893 ὑπὸ
554 829 622 893 τῶν
651 824 714 893 δύο
738 825 850 910 μέσων
875 820 942 909 άρα
964 822 1151 910 γινόμενον

134 932 297 1021 μονάδων
320 934 389 1000 ἐστὶ
412 938 440 1003 ἒ.

101 1063 118 1110 ο
205 1042 278 1107 194.
317 1041 439 1120 Δείξας
460 1035 574 1116 ἁπλῶς
596 1039 633 1105 ἐν
656 1040 701 1127 τῷ
720 1036 770 1104 κε’
789 1035 983 1122 θεωρήματι
1001 1034 1040 1104 τδ
1059 1058 1153 1123 περι-

135 1145 298 1233 εχόμενον
322 1142 388 1212 ὑπὸ
412 1144 476 1211 δύο
498 1141 644 1212 εὐθειῶν
663 1141 806 1228 δυνάμει
823 1140 932 1228 μόνον
951 1142 1153 1229 συμμέτρων

136 1248 352 1337 ὀρθογώνιον
371 1246 391 1336 ἢ
411 1248 516 1338 ῥητὸν
534 1246 555 1336 ἦ
575 1250 690 1335 μέσον,
713 1258 778 1317 νῦν
797 1252 1015 1336 προστίθεται
1032 1251 1153 1332 εἰπεῖν,

134 1357 215 1426 πότε
239 1356 342 1444 ῥητὸν
364 1357 419 1429 καί
442 1355 521 1424 πότε
545 1357 657 1442 μέσον.

206 1467 279 1532 195.
310 1461 428 1549 Ἡγτδν
450 1460 517 1547 ἄρα
539 1461 595 1529 καὶ
617 1459 655 1529 τὸ
679 1458 744 1529 ὑπὸ
766 1464 835 1529 τῶν
857 1466 896 1545 Γ,
916 1470 949 1528 Δ
971 1487 1002 1548 p.
1021 1465 1073 1546 78,
1095 1464 1153 1546 10]

86 1591 119 1640 ιο
139 1570 209 1637 ἐπεὶ
236 1567 301 1655 γάρ
330 1576 406 1636 ίσον
434 1567 504 1636 ἐστὶ
531 1570 576 1659 τῷ
600 1565 665 1635 άπὸ
689 1571 748 1653 τῆς
770 1574 815 1652 Β,
843 1565 1035 1654 σύμμετρόν
1059 1568 1154 1636 ἐστιν

137 1673 242 1765 αὐτῷ·
266 1672 369 1761 ῥητὸν
393 1672 430 1741 δὲ
449 1671 487 1741 τδ
508 1670 574 1740 άπὸ
591 1676 649 1759 τῆς
663 1679 702 1757 Β,
725 1672 781 1741 καί
799 1673 839 1741 τά
854 1675 1023 1761 σύμμετρα
1042 1672 1154 1765 τούτῳ

135 1780 269 1861 πάντως
292 1778 387 1866 ῥητά,
411 1777 456 1858 ὡς
479 1776 496 1845 ὁ
522 1762 602 1862 δρος
625 1781 738 1863 φησίν.

374 1975 430 2039 Ad
454 1974 592 2039 lemma
614 1998 646 2060 p.
669 1975 735 2041 386
758 1974 856 2061 (app.
880 1975 922 2061 9).
969 1986 981 1999 ·

209 2096 280 2162 196.
297 2090 559 2181 Ἀναγεγράφθω
574 2094 638 2180 γὰρ
654 2091 718 2162 ὑπὸ
728 2098 797 2163 των
808 2100 879 2179 ΔΓ,
890 2101 954 2162 ΓΕ
965 2122 996 2184 p.
1007 2099 1082 2181 386,
1093 2099 1153 2182 20]

87 2225 119 2273 ιο
138 2197 204 2268 ὑπὸ
227 2203 295 2268 τῶν
315 2205 388 2285 ΓΔ,
408 2205 471 2267 ΓΕ
493 2197 555 2268 οὐκ
578 2199 747 2287 άριθμάν,
771 2197 855 2267 ἀλλὰ
878 2205 1032 2287 μεγεθῶν
1051 2200 1155 2283 τόσας

139 2304 311 2393 σπιθαμὰς
334 2302 354 2391 ἢ
379 2304 493 2393 πήχεις
515 2302 536 2392 ἢ
560 2305 645 2373 ἄλλα
663 2304 737 2372 τινὰ
758 2316 826 2373 τῶν
844 2307 974 2393 μέτρων
994 2308 1155 2394 ἐχόντων,

139 2410 216 2479 ὅσαι
249 2415 286 2479 αέ
316 2412 462 2497 μονάδες
494 2416 562 2480 τῶν
594 2417 677 2496 ΓΔ,
704 2415 771 2477 ΓΕ
800 2408 967 2497 ἀριθμῶν.
1025 2418 1056 2480 εί
1087 2414 1154 2503 γὰρ

139 2524 272 2585 έσονται
292 2520 328 2584 οέ
340 2523 415 2601 ΔΓ,
430 2524 495 2585 ΓΕ
516 2516 657 2604 άριθμοὶ
680 2517 735 2584 καὶ
755 2515 795 2584 οὐ
815 2519 951 2603 μεγέθη,
974 2529 1044 2600 πῶς
1062 2543 1155 2606 περι-

139 2625 273 2704 έξουσιν
302 2620 516 2709 ὀρθογώνιον
547 2629 684 2710 χωρίον,
721 2634 791 2701 πῶς
818 2622 856 2690 δὲ
884 2627 975 2691 ἔσται
1004 2625 1156 2694 δυνατὸν

86 2753 121 2802 20
139 2731 314 2814 γενέσθαι,
348 2725 392 2807 ὡς
419 2728 569 2815 ἀριθμὸν
597 2728 680 2817 πρὸς
708 2726 873 2815 άριθμόυ,
906 2727 1045 2797 εὐθεῖαν
1069 2731 1156 2816 πρὸς

140 2835 293 2920 εὐθεῖαν,
317 2837 351 2902 ἐκ
374 2840 435 2903 τοῦ
458 2843 662 2923 πορίσματος
684 2838 745 2902 τοῦ
769 2837 873 2924 ἐντῷ
897 2838 915 2902 ῐ
934 2836 1039 2904 ἕκτου.

467 3033 524 3097 Ad
547 3055 650 3117 prop.
673 3030 823 3097 XXVIII.

133 3137 137 3143 Ι
211 3157 283 3221 197.
324 3159 406 3239 Τρία
429 3157 532 3221 ταῦτα
556 3159 750 3240 προτίθεται
770 3158 915 3239 ζητῆσαι,
939 3151 990 3221 ὅτι
1010 3154 1155 3242 δυνάμει

140 3259 250 3345 μόνον
283 3261 505 3347 συμμέτρους,
538 3255 590 3325 ὅτι
618 3259 721 3343 μέσον
748 3261 980 3346 περιεχούσας,
1012 3261 1068 3327 καί
1102 3259 1155 3330 ὅτι

86 3389 121 3438 25
141 3369 249 3452 μέσας.
302 3363 353 3431 ὅτι
381 3364 442 3450 μέν
475 3354 539 3430 οὖν
570 3364 687 3450 μέσας,
720 3368 870 3432 δείκνυσι
901 3365 1157 3448 κατασκευάζων

140 3471 202 3555 τὴν
226 3480 259 3537 Δ
292 3470 396 3556 μέσην
428 3469 484 3535 καί
516 3469 618 3556 ταύτῃ
653 3467 843 3556 σύμμετρον
871 3474 932 3558 τὴν
955 3479 993 3538 Ε.
1040 3473 1092 3542 ὅτι
1117 3475 1155 3543 δὲ

139 3598 352 3608 —-————

215 3653 314 3701 mr.
389 3652 448 3701 ιιι.
468 3662 495 3712 q.
570 3651 628 3700 196.
648 3644 695 3699 v1.
772 3646 952 3717 ευπΒριη).

213 3811 237 3860 2.
257 3806 288 3876 ξ]
307 3824 330 3869 r,
350 3822 403 3860 om.
424 3802 456 3857 V.
531 3810 555 3858 ³.
575 3800 632 3873 άρα
651 3803 743 3873 μέσων
762 3824 782 3859 r.
858 3811 899 3861 10.
919 3806 968 3879 τῷ]
988 3807 1019 3860 τό
1039 3826 1065 3877 q.
