2414 4236
142 503 259 558 LXXVI
428 504 700 557 PROLEGOMENA
718 504 872 556 CRITICA.

142 659 258 714 operum
270 643 446 701 Archimedis
461 645 498 700 ab
508 642 622 700 homine
632 643 786 715 Byzantino
800 642 886 711 iacta,
900 642 937 698 de
946 658 1004 712 qus
1012 640 1161 713 disputari

142 724 221 779 Neue
235 723 412 780 Jahrbiicher
424 724 522 795 Suppl.
537 723 576 778 XI
589 744 617 795 p.
632 730 685 779 884
694 740 735 793 sq.
749 723 824 779 inter
838 740 909 792 quos
922 722 1047 778 medium
1061 722 1158 779 locun

143 803 263 871 obtinet,
282 803 333 859 illo
351 804 467 860 inferior
481 804 639 874 diligentia,
657 803 712 859 hoc
724 804 829 874 peritia
840 803 1059 859 mathematicos
1071 800 1161 873 longe

143 883 278 952 superior.
306 883 397 953 nobis,
414 901 532 954 quorum
546 884 600 939 hoc
615 883 706 940 solum
719 883 838 939 interest
851 882 932 951 scire,
945 881 1016 952 quid
1024 880 1161 938 Euclides

144 963 301 1034 scripserit,
326 981 383 1018 non
405 964 520 1035 probari
542 978 658 1034 operam
675 962 800 1019 Theonis
822 962 908 1033 longe
930 961 990 1019 alia
1006 961 1159 1019 uoluntate

144 1046 312 1113 susceptam,
324 1043 387 1112 quis
396 1043 563 1098 mirabitur?
582 1041 729 1111 discipulis
738 1042 800 1097 eius
810 1042 947 1133 inQ
956 1040 1133 1098 Alexandrin
1150 1082 1162 1111 ,

144 1138 263 1190 quorum
281 1140 368 1178 causo
385 1122 447 1177 sine
466 1122 553 1177 dubio
572 1120 726 1177 editionem
745 1138 825 1177 soem
842 1123 962 1191 curanrt,
977 1152 1010 1163 -
1023 1108 1172 1201 ιω

144 1203 270 1272 saec-‚E
276 1201 713 1281 nmtflhnmeQticam
731 1218 796 1257 enm
814 1198 1173 1337 proteQ

144 1282 313 1356 estfflae.
326 1314 360 1322 -
378 1300 435 1338 non
460 1281 618 1352 displicuit,
640 1272 935 1352 wavoiffirio'ribus
978 1296 1071 1336 reecrs
1087 1278 1161 1335 haee

144 1361 231 1417 editio
250 1362 309 1416 fere
328 1361 391 1417 sols
408 1361 623 1417 describebatur
644 1364 675 1416 et
697 1360 893 1430 lectitabatur,
915 1361 959 1416 ita
980 1363 1014 1416 ut
1030 1358 1163 1415 recensio

145 1441 288 1509 antiquior
313 1457 369 1495 uno
393 1443 504 1496 tantum
523 1440 621 1497 codice
645 1439 682 1495 ad
704 1443 831 1496 nostrum
853 1442 966 1513 tempus
988 1440 1163 1499 temeretur.

143 1522 260 1590 propter
278 1520 353 1575 hunc
375 1520 500 1576 fauorem
523 1522 655 1576 tortuose
678 1519 762 1576 nobis
785 1522 1026 1591 congratulemur,
1050 1516 1163 1575 ‘l'beoni

144 1600 198 1654 hoc
213 1600 409 1669 concedamus,
428 1600 475 1656 nix
487 1600 606 1657 meliora
619 1600 758 1670 nobisque
772 1600 889 1656 utiliora
901 1601 938 1656 ab
952 1615 986 1655 eo
1000 1596 1163 1670 exspectari

144 1682 283 1752 potuisse,
308 1698 393 1749 quam
411 1696 482 1749 quse
500 1680 658 1749 praestitit,
681 1679 890 1750 editionemque
908 1680 982 1749 eius,
1003 1678 1029 1735 si
1047 1695 1107 1736 uon
1124 1678 1162 1735 ad

144 1759 272 1814 Euclidis
291 1761 379 1814 uerba
397 1759 587 1827 restituenda,
610 1762 756 1816 attamen
774 1761 812 1815 ad
830 1760 956 1815 studium
972 1758 1164 1831 peritiamque

145 1840 362 1894 mathematicos
388 1842 464 1910 apud
486 1839 693 1895 Alexandrinos
715 1838 811 1908 quarti
834 1837 941 1894 saeculi
962 1838 1164 1909 cognoscenda

146 1922 175 1973 et
194 1919 230 1972 ad
249 1918 389 1974 rationem
406 1920 571 1976 recensendi
594 1918 734 1975 editorum
757 1917 939 1987 antiquorum
960 1916 1164 1975 illustrandam

146 1997 299 2068 plurimum
318 2000 453 2054 conterre.
779 2020 796 2049 ο

580 2122 650 2200 Oap.
674 2124 728 2183 111.

147 2222 196 2274 De
214 2223 522 2286 interpolationibus
542 2224 772 2286 erroribusque
790 2229 868 2277 ante
885 2225 1051 2277 'Phaonem
1069 2225 1161 2277 ortis.

216 2317 258 2373 Ex
276 2318 326 2387 iis,
345 2336 418 2388 quas
436 2319 467 2374 in
486 2336 547 2390 cap.
567 2320 579 2374 I
599 2318 819 2390 disputauimus,
837 2321 967 2389 adparet,
991 2319 1161 2390 scripturam

145 2397 251 2452 codicis
275 2398 296 2451 P
319 2402 349 2454 et
366 2400 574 2455 Tbeoninorum
599 2415 788 2466 communem,
816 2398 841 2453 si
863 2415 955 2468 pauca
977 2398 1098 2454 fortuito
1117 2416 1161 2454 er·

145 2477 244 2547 cipias,
263 2479 350 2532 talem
369 2479 451 2534 nobis
470 2478 619 2533 Euclidem
637 2480 796 2547 praestare,
816 2477 908 2546 qualis
928 2494 946 2531 a
964 2478 1080 2533 Graecis
1100 2494 1162 2534 sae-

147 2555 204 2608 culi
229 2556 324 2623 quarti
342 2556 493 2625 legeretur.
530 2556 658 2609 sedtum
678 2555 735 2609 iam
753 2558 819 2627 plus
838 2557 920 2612 annis
938 2557 1079 2612 sexcentis
1098 2557 1162 2612 Ele·

146 2638 243 2688 menta
256 2651 306 2703 per
319 2651 418 2688 manus
433 2635 609 2690 librariorum
620 2634 939 2704 mathematicorumque
949 2636 1057 2691 ondita
1071 2638 1162 2693 erant

145 2713 242 2781 itaque
261 2717 368 2768 certum
387 2718 443 2781 est,
467 2716 556 2770 uerba
574 2715 702 2770 Euclidis
724 2716 781 2769 iam
804 2718 865 2770 tum
883 2715 993 2770 mendis
1011 2715 1164 2784 inquinata

146 2793 242 2847 fuisse.
262 2810 296 2847 ea
304 2793 408 2863 partim
419 2793 545 2849 librariis
559 2795 664 2864 partim
674 2794 924 2865 interpolatoribus
935 2794 1023 2850 tribui
1032 2797 1163 2866 possunt.

147 2871 224 2940 quod
233 2873 268 2926 ad
280 2871 410 2928 librarios
419 2873 539 2941 adtinet,
549 2873 607 2928 iam
615 2889 701 2943 supra
707 2893 734 2944 p.
740 2874 870 2929 XXXVII
880 2874 1012 2944 uidimus,
1022 2874 1163 2944 quaedam

146 2951 288 3007 'l'heonem
307 2952 453 3021 fefellisse,
473 2970 546 3022 quoe
565 2971 583 3008 s
596 2953 800 3025 posterioribus
815 2955 845 3009 in
857 2954 1001 3010 nonnullis
1016 2955 1163 3011 codicibus

147 3032 297 3086 emendata
320 3036 394 3088 sunt.
435 3032 482 3087 hic
504 3032 627 3102 primum
653 3050 760 3090 errores
783 3034 894 3104 aliquot
915 3035 1089 3103 adferemus,
1113 3032 1162 3105 qui

146 3110 177 3165 iu
205 3112 335 3167 omnibus
363 3112 444 3169 codd.
467 3114 572 3167 nostris
600 3114 779 3184 reperiuntur
802 3132 854 3170 nec
878 3114 997 3171 fortuito
1020 3114 1077 3170 orti
1100 3130 1162 3170 esse

146 3194 265 3261 possunt
282 3194 312 3247 in
329 3192 471 3262 utrisque,
495 3193 545 3247 sed
568 3193 606 3247 sd
628 3194 736 3249 fontem
760 3212 936 3250 communem
955 3196 1070 3251 Theoue
1088 3194 1162 3250 auti·

147 3273 275 3340 quiorem
298 3272 437 3328 referendi
460 3276 534 3328 sunt.
581 3273 642 3328 ains
671 3274 783 3345 generis
806 3277 851 3330 est
874 3271 1011 3331 ἁπτέσθω
1034 3291 1087 3344 pro
1111 3271 1161 3345 ἐφ-

146 3351 281 3408 απτέσθω
301 3353 314 3406 Ι
332 3371 359 3422 p.
379 3358 440 3419 216,
461 3359 503 3420 28,
526 3369 610 3422 quom
629 3352 841 3409 distinctionem
859 3355 958 3411 Theon
976 3371 1034 3409 uon
1052 3356 1164 3410 curauit

147 3435 183 3499 (u.
204 3449 290 3502 supra
308 3451 335 3501 p.
355 3432 455 3501 LVII),
483 3429 625 3501 ἀνάλογον
645 3433 774 3489 additum
794 3435 818 3489 ll
837 3453 864 3504 p.
884 3440 928 3503 se,
948 3441 996 3503 17,
1015 3429 1093 3490 ἐστιν
1113 3433 1161 3489 ad·

146 3511 237 3565 ditum
257 3511 268 3564 l
287 3530 314 3581 p.
336 3517 395 3578 188,
416 3518 449 3567 10
469 3513 530 3581 (cir.
547 3531 575 3583 p.
596 3520 656 3581 182,
675 3518 716 3583 9),
740 3510 778 3569 ἄν
796 3514 931 3569 omissum
950 3514 990 3569 Ill
1008 3533 1035 3585 p.
1055 3520 1118 3583 410,
1137 3520 1163 3583 l,

147 3592 196 3645 sol
214 3588 272 3646 ὑπὸ
297 3588 329 3644 τὸ
353 3586 423 3646 αὐτὸ
449 3584 523 3661 ὕψος
550 3592 590 3646 Ν
613 3612 640 3663 p.
659 3599 707 3658 00,
732 3599 809 3659 7,13
838 3593 985 3662 omissum
1014 3593 1164 3663 aliquanto

147 3669 262 3741 grauior
281 3686 357 3724 orror
375 3673 419 3726 est
436 3672 449 3724 i
467 3690 494 3741 p.
512 3678 571 3739 188,
588 3678 621 3726 10
642 3674 671 3727 et
685 3672 715 3725 in
729 3672 778 3742 ΙΙΙ,
792 3677 809 3728 8
824 3676 860 3742 (u.
875 3674 930 3729 uol.
947 3676 1000 3743 lp.
1017 3679 1068 3728 18‘1
1084 3675 1165 3742 not).

147 3750 216 3805 olibi
243 3751 364 3806 sedasse
391 3768 448 3806 non
474 3768 551 3807 error
578 3751 700 3819 librarii,
734 3752 784 3807 sed
810 3752 994 3823 neglegentia
1021 3752 1164 3821 quaedam

146 3829 275 3888 Euclidis
290 3830 319 3886 in
334 3833 418 3902 culpa
432 3834 489 3899 est;
508 3849 535 3887 u.
551 3833 562 3886 l
576 3848 605 3900 p.
617 3837 666 3887 131
683 3834 752 3900 not,
771 3851 798 3902 p.
809 3838 859 3888 281
875 3835 943 3899 not,
963 3851 990 3902 p.
1001 3838 1054 3889 188
1067 3835 1128 3888 not.
1138 3838 1166 3901 8,
