2414 4236
332 1312 525 1407 Appendix
553 1311 781 1386 scholiorum
809 1316 834 1388 Ι.

418 1468 462 1533 In
485 1469 631 1533 librum
654 1467 741 1533 XIV.

141 1595 167 1659 1.
206 1591 274 1657 Καὶ
292 1598 418 1658 κείσθω
437 1594 476 1678 τῇ
491 1597 554 1659 ΕΖ
573 1616 604 1677 p.
623 1594 654 1677 4,
674 1594 730 1674 18]
754 1587 775 1676 ἡ
794 1588 858 1678 γὰρ
879 1599 949 1661 ΔΕ
965 1598 1084 1679 μείζων

69 1702 128 1784 τῆς
147 1704 218 1766 ΕΖ.
255 1697 307 1765 ὅτι
331 1698 368 1766 δὲ
391 1702 511 1784 μείζων
534 1694 555 1782 ἡ
576 1704 646 1765 ΔΕ
666 1700 724 1784 τῆς
743 1704 816 1783 ΕΖ,
840 1701 945 1784 δῆλον
966 1702 1002 1766 ἐκ
1023 1703 1084 1767 τοῦ

71 1803 248 1872 δύνασθαι
270 1801 332 1890 τὴν
356 1804 418 1891 μὲν
442 1809 513 1871 ΔΓ
537 1803 707 1900 ἑξαγώνου
735 1802 884 1889 πλευρὰν
912 1797 1020 1873 οὖσαν
1043 1805 1084 1872 τὰ

69 1908 135 1977 ἀπὸ
159 1914 228 1978 τῶν
253 1918 331 1994 ΔΕ,
356 1916 433 1996 ΕΓ,
463 1909 525 1997 τὴν
548 1909 587 1978 δὲ
611 1915 676 1977 ΖΓ
695 1908 889 1998 δεκαγώνου
913 1903 1020 1979 οὖσαν
1043 1910 1084 1979 τὰ

69 2012 135 2082 ἀπὸ
158 2026 226 2083 τῶν
251 2022 328 2100 ΖΕ,
352 2021 424 2082 ΕΓ.
470 2016 540 2084 ἐπεὶ
563 2007 626 2082 οὖν
650 2013 670 2102 ἡ
696 2022 767 2084 ΔΓ
789 2023 908 2104 μείζων
931 2021 990 2105 τῆς
1012 2023 1084 2103 ΖΓ,
1121 2040 1140 2091 ο

70 2121 189 2187 καὶτὰ
213 2117 279 2187 ἀπὸ
303 2123 372 2187 τῶν
397 2128 475 2206 ΔΕ,
498 2127 565 2188 ΕΓ
586 2121 722 2207 μείζονί
747 2126 812 2190 είσι
835 2135 902 2192 τῶν
924 2122 990 2192 ἀπὸ
1015 2128 1084 2193 τῶν

71 2233 145 2311 ΖΕ,
168 2231 245 2310 ΕΓ,
273 2226 330 2292 καί
351 2230 471 2293 κοινοῦ
494 2223 745 2313 ἆφαιρηθέντος
767 2232 828 2295 τοῦ
851 2226 917 2296 ἀπὸ
939 2233 999 2316 τῆς
1022 2235 1089 2297 ΕΓ

70 2337 183 2418 μεῖζον
209 2331 247 2400 τὸ
273 2329 339 2400 ἀπὸ
367 2336 426 2419 τῆς
449 2339 519 2401 ΔΕ
543 2317 605 2400 τοῧ
633 2329 699 2401 ἀπὸ
727 2337 786 2419 τῆς
808 2341 885 2401 ΕΖ·
922 2335 1084 2404 ὥστεκαὶ

70 2435 91 2523 ἡ
115 2446 186 2506 ΔΕ
205 2442 265 2525 τῆς
287 2446 349 2507 ΕΖ
372 2444 492 2527 μείζων
516 2441 614 2507 ἐστίν.

138 2548 167 2612 2.
204 2545 273 2612 Καὶ
296 2542 317 2633 ἡ
340 2550 439 2613 ΑΓΖ
463 2543 528 2633 ἄρα
555 2547 749 2633 περιφέρεια
777 2572 808 2634 p.
831 2551 862 2635 4,
886 2551 943 2632 23]
972 2545 1017 2628 ὡς
1044 2545 1081 2617 τὸ
1103 2571 1137 2621 10

70 2647 154 2719 ὅλον
172 2648 256 2734 πρὸς
269 2650 307 2719 τὸ
328 2649 421 2738 ὅλον,
441 2649 547 2731 οὕτως
564 2651 620 2718 καί
638 2649 676 2719 τὸ
696 2649 800 2738 ἥμισυ
818 2652 901 2739 πρὸς
918 2652 956 2721 τὸ
970 2651 1083 2739 ἥμισυ.

138 2760 168 2826 3.
199 2754 257 2836 Ὡς
280 2757 318 2825 δὲ
340 2755 361 2844 ἡ
385 2763 455 2825 ΛΓ
478 2755 561 2842 πρὸς
582 2757 645 2844 τὴν
671 2763 736 2825 ΖΓ
763 2786 794 2846 p.
817 2763 849 2847 4,
876 2763 932 2845 25]
967 2757 1022 2827 διὰ
1045 2758 1083 2828 τὸ

71 2862 125 2950 κγ’
154 2866 216 2931 τοῦ
248 2863 346 2931 ἕκτου
373 2861 409 2931 τὸ
444 2865 556 2951 λέγον·
594 2865 631 2932 ἐν
663 2876 734 2944 τοῖς
765 2873 851 2946 ίσοις
881 2867 1017 2947 κύκλοις
1048 2869 1087 2934 αί

69 2975 190 3055 γωνίαι
213 2969 273 3037 τὸν
297 2966 401 3039 αὐτὸν
420 2968 524 3056 λόγον
544 2975 656 3058 ἔχουσι
674 2985 747 3050 ταῖς
765 2976 1000 3060 περιφερείαις,
1025 2969 1081 3060 ἐφ’

70 3069 119 3143 ὧν
143 3075 311 3163 βεβήκασι.
1103 3099 1137 3151 1⁶

136 3186 167 3249 4.
213 3185 326 3268 Aah}
361 3184 400 3251 δέ
429 3208 461 3270 p.
493 3186 530 3268 6,
563 3185 602 3265 2]
636 3181 692 3249 διὰ
724 3179 763 3249 τὸ
795 3178 882 3249 εἶναι
915 3181 952 3250 τὸ
983 3189 1086 3251 ΖΔΓ

68 3292 236 3373 τρίγωνον
256 3288 437 3369 ἰσοσκελές·
461 3287 530 3356 ἐπεὶ
550 3287 588 3356 δὲ
610 3289 733 3367 παντὸς
754 3286 922 3375 τριγώνου
945 3285 966 3376 ἡ
990 3289 1084 3370 ἐκτὸς

69 3397 177 3478 γωνία
201 3401 256 3478 ἴση
281 3392 349 3460 ἐστὶ
374 3394 452 3461 δυσί
470 3407 542 3473 ταῖς
560 3391 654 3474 ἐντὸς
671 3393 728 3461 καὶ
747 3389 960 3481 ἀπεναντίον,
984 3386 1083 3464 αὗται

68 3531 238 3539 --.-..-.-—-
246 3531 282 3537 ..-

143 3594 167 3642 1.
187 3588 232 3642 V¹.
306 3584 396 3642 Μ’.
469 3584 561 3643 ³.V¹.
634 3587 726 3646 Μ’.

140 3773 166 3821 3.
185 3765 250 3837 μίν]
271 3781 355 3834 supra
374 3780 426 3819 scr.
445 3764 479 3820 V.
