2424 4320
151 514 217 579 590
303 515 460 568 scnom
476 516 517 568 IN
534 512 809 567 mmmm
826 512 967 567 mmm
977 514 1013 569 X.

150 660 332 743 τοιγαροῦν
360 653 449 743 παρά
478 653 538 734 τὰς
564 652 683 734 λοιπάς
709 650 856 741 ἀλόγους
881 653 904 742 ἡ
935 658 968 723 Γ
989 654 1089 722 ἐστιν.
1133 658 1167 723 εί

150 768 236 851 γοῦν
260 761 317 830 ἀπ’
339 761 442 848 ἄλλης
460 759 554 841 τινὸς
572 759 757 847 ἀνωνύμου
775 758 912 842 εὐθείας
929 764 1056 849 χωρίου
1073 765 1166 850 παρὰ

151 868 256 958 ρητην
273 867 336 956 τὴν
355 875 384 936 Β
402 866 621 955 παραβληθὲν
640 867 763 946 πλάτος
780 866 912 955 ποιήσει
930 865 992 954 τὴν
1005 868 1168 951 πολλάκις

153 977 334 1061 εἰρημένην
349 980 386 1058 Γ,
409 974 430 1061 ἡ
454 972 492 1041 τὸ
516 978 641 1061 χωρίον
660 975 768 1041 έκεῖνο
787 974 970 1060 δυναμένη,
992 977 1166 1045 τουτέστιν

116 1114 132 1161 ⁶
152 1081 172 1167 ἡ
189 1089 232 1166 Δ,
247 1081 341 1168 ἑτέρα
356 1085 447 1148 ἔσται
460 1076 549 1164 παρὰ
562 1076 622 1158 τάς
635 1074 865 1165 ἀναφανείσας
877 1077 1008 1160 ἀπάσας
1021 1079 1168 1168 ἀλόγους

151 1183 295 1271 εὐθείας,
319 1186 375 1253 καλ
397 1186 521 1253 τούτου
542 1185 738 1272 γινομένου,
760 1186 933 1253 τουτέστιν
954 1181 1016 1273 ἀφ’
1042 1186 1168 1274 ἑτέρων

150 1291 297 1361 εὐθειῶν
315 1288 449 1377 ἀλόγων
467 1296 601 1378 χωρίων
619 1290 928 1377 παραβαλλομένων
944 1289 1037 1377 παρὰ
1054 1292 1120 1381 τὴν
1138 1302 1166 1363 Β

151 1397 256 1485 ῥητὴν
278 1398 335 1466 καὶ
358 1396 465 1484 πλάτη
488 1396 681 1466 ποιούντων
703 1393 762 1477 τάς
783 1394 919 1477 εὐθείας
941 1398 1089 1484 ἐκείνας,
1116 1391 1166 1470 ἀν

150 1501 190 1571 τὰ
219 1502 284 1571 ἀπὸ
313 1502 445 1571 τούτων
472 1509 577 1589 χωρία
604 1502 694 1589 παρὰ
721 1502 785 1590 τὴν
807 1510 837 1571 Β
865 1505 971 1590 ῥητὴν
993 1527 1166 1591 προπαρα-

100 1642 132 1689 10
151 1612 347 1696 βέβληνται,
380 1610 412 1688 ές
444 1607 584 1696 ἄπειρον
613 1607 731 1695 ἄλογοι
758 1604 803 1677 ἀν
831 1607 963 1677 εὐθεῖαι
988 1608 1167 1700 ἀνώνυμοι

151 1713 412 1801 ἀναφαίνοιντο,
440 1716 496 1782 καλ
523 1711 544 1799 ἡ
572 1715 647 1802 περὶ
674 1714 803 1783 τούτων
831 1719 960 1800 θεωρία
984 1716 1082 1797 τέλος
1105 1716 1166 1807 οάχ

151 1823 214 1901 ἕξει
238 1823 325 1889 ποτέ.

216 1948 290 2011 475.
323 1941 368 2010 ‘H
387 1951 452 2010 AB
542 1940 657 2028 ηΑΓ

582 2056 589 2117 Ι

371 2052 392 2137 ῥ
576 2162 616 2229 ΟΙ

215 2390 289 2455 476.
331 2391 376 2455 El
402 2384 613 2474 ἀποθώμεθα
642 2385 704 2473 τὴν
729 2395 795 2454 ΖΔ
820 2392 861 2477 τῇ
886 2395 956 2457 ΔΓ
984 2385 1074 2457 εἶναι
1103 2390 1165 2479 τὴν

148 2489 272 2577 αὐτήν,
305 2489 388 2578 ἡδὲ
410 2500 477 2561 ΓΔ
503 2491 592 2578 παρά
621 2491 683 2579 τὴν
707 2499 772 2560 ΑΒ
803 2490 907 2580 ῥητὴν
931 2498 1165 2583 παραβληθείς

148 2597 271 2677 πλάτος
294 2603 450 2684 πεποίηκε
472 2602 535 2685 τὴν
554 2605 622 2666 ΑΓ
641 2599 756 2686 μέσην,
779 2600 835 2666 καὶ
857 2597 879 2687 ἡ
899 2608 932 2667 Δ
938 2608 965 2667 Ζ
988 2599 1055 2689 ἀρα
1074 2605 1165 2690 παρὰ

95 2733 129 2780 20
147 2703 209 2790 τὴν
228 2713 260 2771 A
266 2710 294 2770 Β
313 2710 568 2790 παραβληθεῑσα
586 2704 710 2784 πλάτος
727 2703 859 2790 ποιησει
878 2704 940 2792 τὴν
960 2713 1027 2773 ΑΓ
1046 2709 1163 2797 μέσην.

148 2807 168 2897 ἡ
192 2807 276 2897 αὐτὴ
301 2810 338 2878 δὲ
361 2807 382 2897 ἡ
401 2818 435 2876 Δ
441 2817 468 2876 Ζ
490 2807 579 2895 παρά
597 2808 659 2896 τὴν
678 2815 742 2877 ΓΕ
764 2810 879 2898 βητήν,
902 2813 1054 2880 τουτέστι
1072 2817 1164 2904 παρὰ

146 2916 209 3001 τὴν
242 2923 323 3000 ΑΒ,
359 2923 614 3002 παραβληθελσα
651 2915 774 2997 πλάτος
805 2923 962 3003 πεποίηκε
996 2917 1060 3006 τὴν
1093 2928 1163 2991 ΓΔ.

147 3024 230 3109 μέση
254 3022 320 3109 ἀρα
342 3024 398 3090 καὶ
421 3020 442 3109 ἡ
467 3029 546 3091 ΓΔ·
579 3023 813 3110 ἐλεγχθήσεται
837 3024 874 3092 δὲ
897 3022 942 3111 μὴ
967 3021 1056 3093 εἶναι
1079 3031 1163 3115 μέση

148 3129 204 3196 διὰ
232 3128 287 3215 ιιβ’
312 3128 351 3196 ι’·
391 3129 472 3213 ὅπερ
501 3127 636 3199 ἀτοπον.
688 3128 750 3198 οὐκ
781 3128 846 3217 ἀρα
874 3127 894 3216 ἡ
924 3137 990 3198 ΔΖ
1023 3127 1045 3218 ἡ
1079 3131 1163 3220 αὐτή

93 3262 128 3310 26
149 3238 216 3304 έστι
239 3263 279 3325 τη
303 3242 374 3303 ΓΔ.

198 3491 280 3624 ἵ,λλῗχ
308 3481 352 3537 Vb
377 3484 429 3553 (ad
452 3501 516 3554 app.
536 3503 575 3539 nr.
595 3490 630 3539 24
654 3503 681 3554 p.
700 3486 778 3553 402).
887 3490 948 3539 476.
977 3483 1022 3539 V·
1045 3487 1163 3555 (eodem

147 3574 196 3625 per
211 3573 255 3610 me
283 3598 288 3610 .

219 3791 260 3838 18.
279 3785 487 3857 παραβληθείς]
506 3802 557 3839 scr.
576 3786 805 3857 παραβληθεῑοας
833 3785 882 3839 nod
901 3786 1014 3841 omnino
1033 3785 1103 3854 quid
1123 3789 1164 3842 uit

147 3851 293 3910 εὐθεῖαν
311 3856 425 3927 παραβ,
443 3856 546 3910 neseio.
621 3862 662 3911 2³.
684 3852 805 3927 έλεγχθῆ
827 3857 859 3911 V.
