2414 4236
126 490 189 557 106
276 492 433 545 scnom
450 494 490 544 m
507 491 782 546 οτανιππτοαυιι
798 492 977 547 maun

123 632 213 721 πέδῳ
236 622 338 700 οόσαι
359 632 415 700 καλ
440 632 680 720 ἐκβαλλόμεναι
702 636 750 714 είς
767 630 908 721 ἄπειρον
926 630 979 721 ἐφ’
996 630 1141 723 ἑκάτερα

123 735 163 805 τὰ
187 738 270 826 μέρη
293 738 348 806 ἐπὶ
370 740 534 826 μηδέτερα
557 743 805 825 συμπίπτουσιν
827 736 994 826 ἀλλήλαις.

189 849 265 912 τίνα
288 845 352 931 μὲν
374 859 520 933 στοιχεῖα
546 849 614 914 τῶν
637 844 862 930 παραλλάλων
883 845 941 913 καλ
962 850 1029 913 τίσι
1051 872 1142 932 yvu-

124 956 272 1038 ρίζουται
286 950 537 1038 συμπτώμασιν,
552 952 673 1030 ἐντοῖς
686 953 767 1037 μετὰ
781 962 887 1019 ταῦτα
900 950 1142 1039 μαθησόμεθα,

90 1062 215 1136 οτίνες
247 1059 287 1126 δέ
316 1062 402 1125 είσιυ
435 1060 473 1124 αί
501 1056 710 1145 παράλληλοι
738 1055 886 1144 εὐθεῖαι,
917 1057 974 1127 διὰ
1004 1055 1141 1126 τούτων

122 1161 316 1251 ἀφορίζεται
338 1175 407 1232 τῶν
435 1164 601 1250 βημάτων.
648 1168 703 1232 δεῖ
726 1169 846 1233 τοίνυν
872 1158 992 1249 αὐτάς,
1018 1166 1141 1249 φησίν,

122 1276 160 1339 ἐν
182 1296 217 1339 τε
240 1269 292 1339 ἑνί
315 1270 459 1359 ἐπιπέδῳ
483 1268 571 1337 εἶναι
591 1270 647 1336 καλ
666 1270 909 1357 ἐκβαλλομένας
928 1266 981 1356 ἐφ’
998 1267 1141 1357 ἑκάτερα

121 1374 162 1445 τά
192 1377 275 1465 μέρη
302 1374 347 1462 μὴ
381 1381 581 1462 συμπίπτειν
612 1372 780 1463 ἀλλήλαις.
834 1374 1059 1463 ἐκβάλλεσθαι
1091 1379 1142 1457 είς

122 1480 276 1569 ἄπειρον·
312 1484 369 1549 καὶ
395 1482 461 1568 γάρ
489 1486 528 1549 αί
554 1481 597 1570 μὴ
623 1481 832 1570 παράλληλοι
853 1485 949 1572 μέχρι
971 1482 1065 1563 τινὸς
1083 1474 1140 1553 ’ἐκ-

69 1611 104 1661 ιο
122 1589 328 1675 βαλλόμεναι
347 1595 497 1675 μείναιεν
516 1585 560 1657 άν
578 1586 804 1677 άσόμπτωτοι,
821 1588 861 1657 τὸ
881 1584 913 1657 δ’
930 1593 978 1669 είς
994 1586 1139 1677 άκειρον

122 1697 368 1783 ἐκβαλλομένας
390 1694 435 1782 μὴ
459 1701 657 1781 συμπίπτειν
680 1700 909 1785 χαρακτηρίζει
929 1693 991 1777 τάς
1011 1702 1139 1783 παραλ-

121 1803 255 1886 λήλους,
276 1800 333 1868 καλ
356 1798 438 1869 οόδλ
461 1811 560 1869 τοῦτο
584 1798 712 1884 ἁπλῶς,
740 1798 825 1870 άλλθ
850 1798 889 1869 τό
918 1796 972 1888 ἐφ’
998 1799 1139 1889 ἑκάτερα

122 1908 346 1992 ἐκβάλλεσθαι
366 1902 416 1973 ἐπ’
438 1903 577 1992 ἄπειρον
600 1905 656 1973 καλ
679 1907 724 1994 μὴ
748 1914 958 1992 συμπίπτειν.
993 1906 1051 1975 καλ
1068 1910 1140 1977 τόν

122 2012 166 2100 μὴ
186 2011 410 2098 παραλλήλων
430 2010 578 2081 δυνατόν
596 2010 679 2080 κατά
697 2012 826 2098 θάτερα
840 2012 902 2100 μὲν
915 2012 978 2100 τὴν
993 2013 1138 2100 ἐκβολὴν

69 2139 103 2190 ισ
122 2119 173 2188 ἐπ’
203 2117 344 2206 άπειρον
371 2121 547 2204 γενέσθαι,
579 2116 661 2186 κατά
693 2118 733 2186 τά
762 2117 861 2187 λοιπά
890 2119 928 2187 δέ
957 2117 1008 2188 οὔ.
1060 2140 1139 2189 συν-

121 2224 284 2294 νεύουσαι
315 2225 381 2312 γάρ
414 2226 465 2294 ἐπὶ
497 2224 577 2294 τάδε
608 2223 648 2294 τά
682 2227 765 2314 μέρη
799 2227 901 2294 πλέον
933 2223 1138 2312 ἀφίστανται

122 2328 277 2419 ἀλλήλων
289 2332 432 2401 κατὰτὰ
452 2335 555 2421 ἕτερα.
586 2331 624 2401 τὸ
644 2332 681 2400 δέ
701 2342 821 2417 αίτιου,
844 2330 895 2400 ὅτι
919 2333 982 2400 δύο
1001 2330 1137 2401 εὐθεῖαι

123 2442 287 2526 περιέχειν
310 2437 352 2508 ου’
372 2440 540 2508 δύνανταί
554 2466 585 2506 τι
604 2445 742 2525 χοιρίον·
766 2445 797 2507 εί
815 2439 852 2507 δέ
865 2437 948 2506 κατὰ
962 2435 1138 2525 άμφότερα

124 2546 355 2631 ουννεύσαιεν,
377 2556 477 2613 τοῦτο
501 2544 714 2631 συμβήσεται.
751 2545 806 2611 καὶ
829 2546 943 2632 μέντοι
965 2542 1078 2613 καὶτὸ
1098 2548 1137 2613 ἐν

68 2670 104 2719 20
122 2664 167 2743 τῳ
201 2648 291 2740 αὐτῷ
325 2652 467 2741 ἐπιπέδῳ
501 2648 588 2718 εἶναι
619 2648 680 2729 τὰς
714 2648 849 2731 εὐθείας
886 2649 1001 2738 ὀρθῶς
1034 2671 1138 2736 προσ-

122 2764 285 2843 είληπται·
322 2759 353 2822 εί
374 2754 439 2841 γάρ
462 2753 484 2843 ἡ
507 2755 569 2842 μέν
592 2764 642 2842 είη
667 2756 704 2823 ἐν
727 2760 772 2846 τῳ
800 2754 1023 2848 ὑποκειμένῳ,
1051 2753 1072 2842 ἡ
1098 2757 1137 2825 δέ

124 2867 161 2933 ἐν
183 2859 348 2952 μετεώρῳ,
370 2858 453 2929 κατά
476 2872 588 2929 πᾶσαν
612 2862 711 2929 θέσιν
734 2860 950 2949 άσόμπτοοτοί
970 2866 1057 2930 είσιν
1081 2860 1140 2931 άλ-

122 2968 241 3057 λήλαις
266 2968 322 3034 καὶ
350 2963 391 3035 ου’
419 2964 476 3034 διά
504 2971 603 3036 τοῦτο
631 2967 843 3055 παράλληλοί
864 2973 960 3036 εἰσιν.
1005 2972 1042 3035 ἓν
1071 2960 1138 3037 οὖν

122 3082 206 3145 ἐστω
236 3073 274 3143 τὸ
308 3077 481 3157 ἐπίπεδον,
513 3074 568 3140 καὶ
601 3076 881 3160 ἐκβαλλέσθωοαν
914 3070 965 3142 ἐπ’
996 3072 1140 3158 άπειρον

68 3209 103 3258 25
123 3182 205 3251 κατὰ
229 3179 403 3268 άμφότερα
425 3181 481 3247 καὶ
504 3183 780 3266 συμπιπτέτωσαν
799 3178 958 3267 ἀλλήλαις
976 3179 1059 3249 κατὰ
1078 3207 1139 3268 μη-

123 3291 251 3376 δέτερα·
285 3284 417 3354 τούτων
439 3284 503 3374 γὰρ
526 3286 748 3375 ὑπαρχόντων
771 3293 904 3356 ἔσονται
927 3287 1138 3374 παράλληλοι

123 3392 262 3465 εὐθεῖαι.
314 3392 370 3459 καὶ
398 3389 416 3460 ὁ
445 3392 507 3479 μέν
535 3389 720 3480 Εὐκλείδης
745 3403 868 3461 τοῦτον
901 3390 1043 3478 ὁρίζεται
1074 3392 1137 3462 τὸυ

192 3560 216 3608 2.
237 3550 400 3620 μηδετέρας.
473 3557 498 3606 4.
518 3553 592 3624 τοῖς]
612 3548 730 3615 κρότοις.
804 3557 828 3607 ό.
848 3546 960 3607 εόθεῖα.
1034 3559 1058 3608 8.
1078 3549 1136 3625 μή]

121 3641 275 3695 suprascr.
334 3630 373 3677 13.
393 3618 574 3692 ἐκβαλέσθαι.
632 3629 674 3679 15.
694 3618 781 3693 κατά]
800 3624 857 3677 καί.
913 3622 959 3695 δέ]
979 3640 1136 3692 suprascr.

156 3690 340 3762 συνεόουσαι,
363 3693 413 3749 sed
431 3710 501 3750 οοιτ.
590 3699 629 3749 16.
654 3690 702 3750 ἐκλ
726 3690 813 3766 τάδε]
837 3710 907 3749 corr.
925 3712 960 3749 ex
984 3692 1082 3749 ἔπειτα
1102 3694 1137 3749 δέ

120 3786 157 3823 m.
177 3774 202 3821 2.
277 3771 318 3820 17.
337 3762 545 3835 τότ-αἴτιον]
565 3781 581 3819 θ
600 3781 669 3821 corr.
688 3783 725 3819 m.
745 3771 770 3819 λ.
845 3770 885 3820 19.
906 3762 1015 3821 τοόται.
1088 3764 1136 3838 τό]

119 3840 177 3894 τῶι.
250 3843 293 3893 20.
312 3838 504 3907 προείληπται.
577 3842 620 3891 21.
639 3832 670 3907 ἡ]
685 3834 760 3905 (alt.)
780 3832 813 3890 εί.
