2414 4236
203 486 359 539 SOHOLIA
377 487 415 537 IN
433 485 708 538 ELEMENTORUM
726 489 866 542 LIBRUM
878 491 926 542 IX·
1007 489 1072 553 411

59 627 119 696 τὸν
143 630 276 696 ἐκείνου
299 625 490 712 διπλάσιον,
513 627 569 694 καὶ
592 625 644 696 ἄελ
667 632 779 715 τοῦτο,
802 629 858 697 κοιλ
878 627 896 699 6
916 629 1074 718 περισσὸς

58 735 119 804 τὸν
134 744 166 803 Α
184 732 351 821 μετρήσει.
385 729 436 801 ὅτι
455 733 493 803 δὲ
510 734 567 802 καὶ
584 734 668 802 κατὰ
687 732 817 824 ἄρτιον,
842 740 960 825 δῆλον·
986 734 1073 806 οὕτω

58 842 124 932 γὰρ
153 840 344 910 ἀποτελέσει
371 838 431 909 τὸν
460 849 492 908 A
519 839 637 930 ἄρτιον
665 839 748 909 ὄντα
776 840 833 910 διὰ
863 841 901 912 τὸ
930 842 986 930 κη’
1013 848 1074 912 τοῦ

59 947 172 1019 αὐτοῦ.
211 952 242 1017 ελ
263 944 309 1035 μὴ
331 943 396 1033 γὰρ
419 945 502 1017 κατὰ
527 945 655 1035 ἄρτιον,
679 946 833 1035 μετρήσει
851 951 973 1018 τοῦτον
991 949 1074 1018 κατὰ

58 1054 234 1144 περισσόν·
271 1053 332 1123 ἐὰν
360 1054 398 1123 δὲ
425 1052 582 1142 περισσὸς
611 1052 931 1143 ἄρνδμὸςᾶριδμὸν
954 1063 1074 1125 τιολλα-
1112 1081 1128 1130 ο

58 1162 245 1243 ττλασιᾶσας
258 1165 339 1251 ιιοιῇ
354 1187 441 1249 τινα,
461 1159 479 1231 6
496 1160 677 1250 γενόμενος
692 1160 848 1249 περισσὸς
862 1166 962 1232 ἔσται.
990 1161 1074 1232 ὥστε

61 1266 78 1337 6
104 1277 136 1336 ιλ
158 1273 249 1338 ἔσται
271 1268 326 1335 καὶ
350 1266 508 1354 περισσὸς
530 1265 586 1334 καὶ
609 1264 728 1354 ἄρτιος

126 1378 178 1444 41.
215 1373 480 1461 Καταντήσομεν
494 1376 541 1453 εἰς
555 1371 665 1440 δνᾶδα
684 1399 716 1461 p.
730 1376 806 1461 404,
823 1376 877 1459 15]
898 1377 945 1454 εἰς
963 1372 1074 1442 δυᾶδοι

59 1486 193 1570 πρῶτον
211 1483 266 1549 καὶ
288 1479 395 1560 οὕτως
413 1484 461 1561 ελς
475 1477 618 1568 μονάδα,
633 1475 720 1547 ἄλλᾶ
735 1481 800 1567 πρὸ
814 1483 873 1569 τῆς
887 1479 1013 1562 δυάδος
1028 1485 1075 1562 εἰς

58 1589 208 1677 τετρᾶδα.

397 1715 453 1780 Ad
476 1736 582 1799 prop.
605 1711 740 1780 XXXV.
1095 1737 1128 1786 10

125 1845 177 1909 42.
218 1838 268 1907 Οὐ
292 1840 391 1925 λέγει,
417 1835 481 1923 ὅτι,
504 1833 546 1904 ὃν
568 1835 673 1923 λόγον
698 1834 715 1904 6
742 1843 803 1904 ΖΖ
826 1835 909 1924 πρὸς
931 1833 991 1905 τὸν
1011 1843 1075 1904 ΛΖ

60 1945 127 2036 εἶχε
154 1948 210 2014 καὶ
238 1950 287 2013 ἔτι
316 1943 334 2013 6
364 1952 429 2013 ΛΖ
461 1942 545 2033 πρὸς
573 1943 634 2013 τὸν
664 1948 732 2011 ΖΚ
760 1944 816 2012 κοιλ
847 1941 865 2013 6
894 1949 962 2013 ΖΚ
992 1941 1076 2030 πρὸς

59 2052 119 2123 τὸν
139 2059 212 2138 ΖΘ,
235 2053 291 2120 κοιλ
314 2050 460 2120 διελόντι
483 2050 545 2120 τὸν
568 2048 674 2119 αὐτὸν
692 2049 798 2136 λόγον
816 2051 950 2132 ἕξουσιν
970 2047 987 2118 ὁ
1009 2057 1075 2118 ΕΛ

62 2157 146 2245 πρὸς
172 2156 232 2226 τὸν
255 2164 320 2226 ΛΖ
351 2159 408 2225 καὶ
435 2155 454 2227 6
482 2165 554 2226 ΛΚ
583 2155 666 2244 πρὸς
693 2157 755 2226 τὸν
784 2163 849 2227 ΚΖ
880 2159 937 2226 καὶ
966 2155 984 2226 6
1010 2163 1073 2226 ΚΘ

60 2264 145 2354 πρὸς
166 2262 227 2333 τὸν
251 2271 326 2333 ΖΘ·
362 2275 462 2333 τοῦτο
491 2265 554 2351 γὰρ
582 2262 708 2347 ψεῦδός
735 2266 835 2332 ἐστιν.
882 2261 985 2350 ὁμὲν
1008 2262 1073 2350 γὰρ
1098 2286 1128 2336 15

59 2375 121 2441 τοῦ
143 2379 206 2440 ΕΖ
236 2370 320 2456 πρὸς
342 2370 403 2440 τὸν
427 2378 490 2440 ΛΖ
520 2372 622 2457 λόγος
649 2367 772 2457 ὁμοίως
799 2370 855 2438 κοιλ
884 2367 903 2438 ὁ
926 2372 987 2438 τοῦ
1011 2376 1075 2436 ΛΖ

60 2479 144 2565 πρὸς
156 2477 218 2549 τὸν
232 2485 266 2546 Κ
273 2484 302 2546 Θ
323 2478 379 2545 καλ
395 2474 413 2546 6
427 2483 489 2546 τοῦ
504 2485 570 2546 ΚΘ
592 2475 676 2565 πρὸς
688 2474 749 2546 τὸν
763 2483 825 2545 ΘΖ
842 2477 1076 2565 τριττλνσλονές

61 2591 162 2673 εἰσιν,
193 2588 255 2654 τοῦ
283 2585 320 2654 δὲ
344 2591 410 2652 ΕΛ
437 2583 521 2672 πρὸς
547 2581 608 2653 τὸν
632 2590 696 2652 ΛΖ
722 2584 779 2652 καὶ
805 2587 866 2653 τοῦ
896 2589 967 2651 ΛΚ
993 2579 1076 2670 πρὸς

59 2692 121 2763 τὸν
141 2698 208 2760 KZ
230 2692 286 2759 καλ
308 2695 369 2759 τοῦ
389 2697 453 2759 KZ
476 2689 559 2776 πρὸς
581 2689 642 2760 τὸν
665 2698 728 2759 ΘΖ
751 2695 975 2776 διπλασίονες,
998 2687 1073 2757 ἄλλ’

62 2798 124 2886 οὐχ
147 2796 193 2879 ὡς
215 2801 336 2866 ἐκεῖνοι
360 2796 554 2884 τριτλᾶοιοί
573 2801 669 2865 εἰσιν.
710 2795 784 2865 ἄλλ’
807 2793 825 2865 6
849 2798 948 2882 λέγει,
972 2798 1075 2881 ἐστίν,
1094 2818 1129 2868 20

62 2903 129 2991 ὅτι,
157 2903 267 2991 ὥσπερ
291 2902 342 2973 ἐτ’
369 2907 507 2972 ἐκείνων
529 2902 611 2972 κατὰ
635 2901 673 2972 τὸ
697 2904 771 2990 ἑξῆς
794 2900 965 2990 ἄνᾶλογον
988 2894 1076 2990 ἦσαν

61 3008 203 3098 ἄριθμολ
225 3009 409 3098 ἡγούμενοι
431 3010 487 3078 καὶ
511 3009 683 3098 ἑπόμενοι,
713 3010 769 3077 καὶ
793 3006 837 3089 ὡς
860 3006 948 3096 εἶχεν
971 3006 989 3076 6
1012 3014 1076 3076 ΕΖ

60 3115 144 3203 τιρός
166 3116 227 3186 τὸν
242 3124 317 3202 ΖΛ,
341 3113 448 3196 οὕτως
470 3117 525 3184 καλ
545 3118 580 3184 οἱ
596 3116 708 3185 λοιτιολ
726 3112 812 3205 πρὸς
829 3118 908 3195 τοὺς
926 3114 1075 3200 λοιπούς,

63 3222 169 3303 οὕτως
187 3219 251 3291 κᾶν
271 3224 393 3312 διέλγγς,
416 3223 600 3310 γενήσεται,
619 3223 675 3291 καλ
695 3219 813 3291 ὁποῖον
832 3218 876 3290 ἄν
895 3227 952 3311 ἔχῃ
971 3221 1075 3308 λόγον

61 3328 79 3398 6
105 3338 170 3398 EA
198 3328 281 3418 πρὸς
303 3328 362 3398 τὸν
386 3335 468 3414 ΛΖ,
500 3328 561 3397 τὸν
593 3326 698 3398 αὐτὸν
730 3330 841 3411 ἕξουσι
872 3329 929 3396 καὶ
959 3324 977 3396 6
1006 3333 1078 3396 ΛΚ
1095 3348 1130 3399 ‘25

60 3435 143 3523 πρὸς
165 3435 226 3504 τὸν
250 3441 317 3504 ΖΚ
337 3436 393 3504 καλ
417 3433 435 3504 6
459 3443 525 3504 ΚΘ
547 3434 631 3524 πρὸς
652 3436 714 3505 τὸν
737 3442 809 3504 ΘΖ.

133 3657 175 3706 41.
195 3649 310 3719 q(P¹l).
383 3655 426 3706 λλ.
446 3648 613 3719 v·q(1>¹1);
632 3650 668 3704 ad
688 3648 714 3703 11
732 3666 759 3720 p.
778 3653 840 3718 406,
861 3651 893 3702 18
903 3663 945 3716 sq.

60 3780 274 3792 „.—--—

132 3855 157 3903 Β.
176 3842 353 3918 ἀποτελέσει]
374 3863 412 3901 ·ει
430 3863 445 3903 ε
464 3861 534 3903 corr.
552 3843 587 3904 V.
