2414 4236
242 502 402 558 scnom
418 504 458 555 m
475 502 753 556 ELEMENTOBUM
770 503 910 556 LIBRUM
923 505 945 559 1.
1057 502 1098 568 79

81 649 313 734 καρποῦσθαι
345 644 449 732 λέγει,
488 646 590 731 δῆλός
622 647 712 713 ἐστιν
743 640 849 731 αὐτήν
881 642 959 713 καθ’
992 643 1099 732 αὑτὴν

83 751 223 839 ἄπειρον
245 754 363 819 ποιῶν.
409 748 520 839 ῶσπερ
544 742 608 819 οὖν
631 747 652 836 ἡ
677 748 761 831 δυὰς
782 749 848 819 ὑπὸ
870 755 929 838 της
952 752 1099 837 μονάδος

85 856 242 946 ὁρίζεται,
271 854 377 936 οὕτως
399 856 455 923 καὶ
477 854 499 942 ἡ
522 857 657 943 γραμμή
680 854 747 924 ὑπὸ
770 862 917 943 σημείου.
963 854 1036 924 ἀλλ’
1063 859 1099 925 έν

84 965 146 1053 μὲν
168 968 338 1053 φαντασίᾳ
360 963 416 1030 καὶ
439 976 510 1042 τοῖς
525 958 709 1048 ἀἰσθητοῖς
731 961 817 1031 αὐτὰ
840 961 881 1030 τὰ
905 977 1024 1051 σημεῖα
1046 988 1099 1031 πε·

84 1085 194 1157 ρατολ,
223 1072 260 1138 έν
285 1068 323 1136 δὲ
345 1083 416 1148 τοῖς
440 1068 555 1148 ἄλλοις
578 1071 681 1137 εἴδεσι
703 1071 957 1157 προϋφέστηκεν
981 1068 999 1138 ὁ
1024 1068 1097 1156 ἁμέ·
1135 1093 1151 1142 6

84 1196 198 1264 ριστος
220 1180 283 1244 τοῦ
307 1182 447 1263 σημείου
471 1175 581 1263 λόγος,
603 1175 732 1262 προιῶν
756 1174 787 1243 δ’
809 1178 940 1244 ἐκεῖθεν
964 1167 1099 1255 οὗτοςό

81 1294 214 1373 πρῶτος
236 1280 287 1350 ἐπ’
309 1279 451 1366 ἄπειρον
475 1279 596 1349 ἑαυτὸν
619 1279 800 1367 διαστήσας
822 1280 877 1347 καὶ
903 1279 1102 1366 κινούμενος

82 1387 135 1458 ἐπ’
162 1387 303 1475 ἄπειρον
326 1387 382 1454 καὶ
406 1387 493 1472 ῥέων
515 1400 682 1473 κρατεῖται
706 1385 767 1471 μὲν
795 1383 861 1454 ὑπὸ
888 1397 947 1473 τῆς
976 1390 1101 1466 οίκείας

84 1494 201 1582 ἀρχῆς,
224 1498 363 1574 ἓνίζεται
381 1491 419 1560 δέ
436 1489 493 1560 ὑπ’
511 1491 614 1580 αὐτῆς
636 1492 691 1559 καὶ
714 1490 1001 1579 περιλαμβάνεται.
1035 1493 1104 1561 έκεῖ

87 1601 150 1687 μὲν
174 1591 252 1686 οὖν,
275 1599 358 1684 ὅπερ
382 1604 483 1686 ἔφην,
510 1597 548 1666 τὸ
572 1600 675 1686 πέρας
698 1599 867 1688 ἐξῄρηται,
891 1601 1040 1667 ἐνταῦθα
1064 1600 1101 1667 δὲ
1121 1621 1152 1671 10

85 1704 125 1774 τὸ
155 1709 193 1775 έν
221 1703 309 1796 αὐτῷ
339 1703 500 1791 ὑφεστός,
533 1705 589 1772 καί
620 1709 720 1774 τοῦτο
753 1707 851 1791 φέροι
884 1701 927 1773 ῶν
960 1710 1101 1786 ἔνδειξιν

84 1813 286 1900 θαυμαστήν
307 1815 370 1881 τοῦ
388 1810 429 1879 τὰ
454 1815 527 1897 εἴδη
550 1813 696 1898 μένοντα
720 1811 781 1898 μὲν
805 1808 857 1898 ἐφ’
879 1812 1009 1880 ἑαυτῶν
1028 1809 1099 1881 κατ’

85 1923 197 1988 αίτίαν
215 1927 440 2007 προηγεῖσθαι
459 1928 529 1986 τῶν
547 1916 764 2005 μετεχόντων,
788 1918 945 1987 ἐπιδόντα
965 1919 1003 1987 δὲ
1022 1924 1101 1987 ἐκεί-

88 2051 160 2104 νοις
182 2024 284 2094 ἕαυτὰ
307 2023 391 2093 κατὰ
414 2024 476 2111 τήν
499 2026 637 2093 ἐκείνων
661 2025 812 2110 ἰδιότητα
835 2053 897 2112 την
915 2024 1101 2094 ὑπόστασιν

88 2129 272 2217 λαμβάνειν
291 2130 603 2218 συμπληθυνόμενα
620 2144 691 2209 τοῖς
708 2129 941 2216 ὑποκειμένοις
954 2133 1009 2199 καὶ
1024 2131 1102 2200 ἄπο·
1122 2154 1155 2202 ιο

86 2244 249 2306 πίπτοντα
272 2240 331 2323 τῆς
355 2241 478 2316 οίκείας
501 2236 642 2323 φύσεως.
678 2237 733 2304 καὶ
756 2239 823 2324 μην
846 2238 901 2304 καὶ
920 2242 1019 2305 τοῦτο
1038 2237 1101 2324 χρή

87 2345 225 2429 εἰδέναι,
248 2341 300 2412 ὅτι
323 2346 443 2430 τριχῶς
464 2347 505 2432 τῇ
529 2354 663 2432 γραμμή
687 2345 841 2430 κέχρηται
865 2340 883 2410 ὁ
904 2344 1102 2430 γεωμέτρης·

86 2450 142 2517 καί
171 2448 236 2536 γὰρ
269 2447 315 2529 ῶς
347 2447 400 2536 ἐφ’
433 2448 570 2535 ἑκάτερα
601 2450 848 2538 πεπερασμένη,
882 2447 926 2527 ῶς
957 2449 1009 2517 ἐπὶ
1042 2452 1104 2517 τοῦ

86 2557 224 2640 πρῶτον
245 2556 475 2645 θεωρήματος,
498 2556 553 2624 καὶ
572 2555 625 2642 ἐφ’
648 2554 785 2642 ἑκάτερα
804 2555 935 2646 όπείρμ,
959 2554 1003 2637 ῶς
1022 2553 1103 2624 όταν

86 2663 168 2750 λέγῃ
192 2661 245 2730 ἐπὶ
267 2659 329 2748 τήν
353 2667 518 2730 δοθεῖσαν
546 2658 685 2734 εὐθεῖαν
713 2660 865 2750 ἄπειρον,
896 2664 951 2730 καὶ
980 2661 1024 2744 ῶς
1051 2688 1104 2731 πε·
1121 2685 1157 2734 20

85 2768 279 2857 περασμένη
303 2767 365 2855 μὲν
392 2767 475 2835 κατὰ
502 2767 540 2836 τὸ
569 2770 699 2856 ἕτερον,
732 2764 856 2859 ἀπείρῳ
886 2769 922 2836 δὲ
949 2768 1032 2836 κατὰ
1064 2766 1102 2837 τὸ

86 2876 221 2961 ἕτερον,
254 2871 298 2954 ὡς
327 2870 377 2942 ἐπ’
405 2876 536 2942 ἐκείνου
563 2884 624 2942 τοῦ
654 2874 900 2963 προβλήματος·
937 2876 973 2941 ἐκ
1000 2878 1103 2960 τριῶν

86 2978 252 3066 εὐθειῶν,
284 2983 322 3047 αἴ
349 2984 435 3049 είσιν
463 2989 532 3048 ίσαι
554 2993 627 3060 ταῖς
650 2985 822 3059 δοθείσαις
844 2976 1007 3063 εὐθείαις,
1039 2984 1105 3067 τρί·

87 3112 203 3175 γωνον
232 3085 473 3172 συστήσασθαι.
518 3084 600 3173 πρὸς
633 3085 670 3153 δὲ
701 3084 833 3164 τούτοις
863 3084 1006 3176 κάκείνῳ
1040 3085 1105 3151 έπι-

88 3192 276 3280 στήσωμεν,
300 3192 351 3260 ὅτι
375 3197 528 3280 γραμμῆς
550 3194 675 3279 πέρατοί
698 3213 781 3279 φησι
805 3205 924 3279 σημεῖα
948 3190 1024 3260 οὔτε
1046 3201 1106 3278 τῆς
1123 3213 1157 3263 25

88 3297 233 3386 ἀπείρου
263 3296 341 3366 οὔτε
368 3298 475 3385 πόσης
497 3303 556 3385 τῆς
578 3300 840 3387 πεπερασμένης·
878 3303 946 3365 ἔστι
969 3295 1033 3384 γάρ
1056 3325 1106 3378 τις

88 3402 226 3492 γραμμή
249 3405 305 3472 καὶ
327 3406 558 3493 πεπερασμένη
581 3406 636 3473 καὶ
664 3402 727 3474 οὐκ
754 3410 876 3491 ἔχουσα
903 3406 1028 3490 πέρατα
1051 3424 1106 3490 ση

90 3524 183 3598 μετα,
212 3513 267 3579 οἵα
294 3507 315 3597 ἡ
340 3509 478 3597 κυκλικὴ
499 3511 555 3578 καὶ
579 3520 680 3592 εἴτις
702 3510 848 3597 τοιαύτη.
892 3508 1018 3597 μήποτε
1042 3501 1106 3578 οὖν

90 3613 249 3704 γραμμήν
273 3612 360 3702 ὁρᾶν
384 3619 447 3701 δεῖ,
469 3614 548 3684 καθ’
575 3617 658 3685 ὅσον
682 3616 750 3684 ἐστὶ
772 3617 916 3703 γραμμή.

166 3783 208 3833 16.
232 3777 317 3847 χρῆν,
342 3775 392 3832 sed
411 3792 481 3831 corr.
552 3781 592 3830 19.
618 3774 705 3831 Scrib.
724 3769 841 3851 ἀπείρῳ.
924 3781 967 3832 22.
986 3772 1109 3850 προβλή-

92 3847 192 3920 ματος]
210 3846 242 3903 in
260 3863 314 3903 τοι.
333 3864 371 3902 m.
391 3853 415 3902 1.
