2414 4236
160 509 204 575 60
531 508 734 565 ΣΤΟΠΒΙΩΒ
750 506 800 566 ιε’.

160 656 294 738 μείζονα
317 655 475 737 γίνεσθαι
498 652 657 738 ἑκατέραν
679 654 749 721 τῶν
769 656 842 738 ΒΖ,
859 657 926 719 ΖΔ
947 653 1007 738 τῆς
1024 646 1176 738 ἡμισείας

159 767 219 843 της
241 764 318 824 ΒΔ.
362 758 545 826 καὶταῦτα
567 756 630 844 μὲν
653 757 708 827 ἐπὶ
729 760 792 827 τοῦ
815 753 1009 844 ὀκταέδρου.

224 861 297 929 Ἐπὶ
329 862 367 931 δὲ
398 874 461 931 τοῦ
492 864 712 951 εἰκοσαέδρου
742 862 921 952 νενοήσθω
957 861 1176 949 πεντάγωνον

161 967 364 1055 ἰσόπλευρόν
394 994 430 1037 τε
461 970 518 1037 καί
551 968 733 1056 ἰσογώνιον
764 968 802 1039 τὸ
834 976 1021 1056 ΑΒΓΔΕ,
1052 969 1105 1038 ἐπὶ
1137 968 1176 1038 δέ

126 1074 283 1150 ετούτου
310 1076 455 1162 πυραμὶς
481 1075 638 1164 κορυφὴν
666 1080 788 1164 ἔχουσα
814 1075 852 1145 τὸ
882 1083 909 1143 Ζ
941 1072 987 1157 ὥς
1012 1073 1052 1144 τὰ
1085 1100 1176 1162 περι·

161 1184 279 1269 έχοντα
312 1178 418 1268 αὐτὴν
454 1186 602 1269 τρίγωνα
638 1181 820 1266 ἰσόπλευρα
856 1179 952 1251 εἰναι.
1007 1186 1099 1250 ἔσται
1131 1180 1174 1268 δὴ

160 1286 181 1374 ἡ
214 1293 396 1357 ΑΒΓΔΕ
430 1288 575 1375 πυραμὶς
611 1290 711 1376 μέρος
746 1290 965 1374 εἰκοσαέδρου
999 1287 1175 1376 σχήματος.

160 1394 335 1481 τετμήσθω
372 1397 432 1480 μία
468 1392 595 1480 πλευρὰ
632 1390 707 1474 ἑνὸς
742 1393 912 1481 τριγώνου
946 1391 968 1481 ἡ
1005 1399 1070 1461 ΖΓ
1098 1396 1175 1480 δίχα

161 1497 244 1567 κατὰ
267 1498 306 1568 τὸ
331 1505 378 1585 H,
411 1499 467 1566 καί
495 1498 748 1586 ἐπεζεύχθωσαν
775 1503 814 1569 αἰ
834 1506 919 1586 BH,
941 1506 1016 1568 HA
1042 1508 1112 1568 ίσαι
1139 1526 1176 1568 τε

109 1633 142 1681 10
161 1597 261 1673 οὖσαι
283 1605 338 1672 καὶ
360 1602 500 1673 κάθετοι
522 1604 699 1692 γινόμεναι
722 1605 776 1674 έπί
797 1603 859 1694 τὴν
884 1610 952 1675 ΓΖ.
997 1606 1098 1692 λέγω,
1122 1604 1174 1674 ὅτι

160 1709 181 1797 ἡ
201 1708 266 1779 ὑπὸ
281 1718 309 1779 Β
315 1717 389 1779 ΗΔ
411 1715 518 1797 γωνία
541 1709 683 1798 ἆμβλείώ
706 1714 806 1781 ἐστιν.
841 1718 901 1780 καί
916 1714 1007 1780 ἐστιν
1026 1710 1174 1781 αύτύθεν

160 1816 319 1903 φανερόν.
357 1819 585 1903 ἐπιζευχθεῖσα
608 1815 673 1904 γιίρ
695 1815 717 1905 ἡ
736 1825 805 1886 ΒΔ
828 1815 990 1905 ἀμβλεῖαν
1013 1818 1074 1905 μέν
1093 1816 1174 1887 ὑπο·

159 1929 260 1990 τείνει
283 1919 345 2009 την
363 1920 429 1991 ὑπὸ
449 1929 546 1992 ΒΓΔ
567 1934 630 1992 τοῦ
648 1923 866 2010 πενταγώνου
884 1930 1022 2011 γωνίαν.
1054 1923 1176 2011 ταύτης

160 2028 197 2095 δὲ
220 2035 339 2115 μείζων
363 2026 384 2116 ἡ
407 2026 474 2097 ὑπὸ
497 2036 617 2098 ΒΗΔ·
654 2029 827 2110 ἐλάττονες
848 2030 913 2117 γὰρ
937 2034 975 2097 αἰ
996 2038 1075 2115 BH,
1100 2037 1175 2097 HA

109 2162 141 2210 ις
160 2138 228 2202 τών
251 2141 323 2220 ΒΓ,
343 2141 413 2203 ΓΔ.
454 2133 580 2223 ὁμοίως
602 2134 644 2222 δὴ
668 2150 739 2216 τοῖς
760 2135 825 2223 πρὸ
848 2136 971 2204 τούτου
995 2134 1047 2204 ὅτι
1067 2133 1088 2222 ἡ
1107 2134 1173 2204 ὑπὸ

162 2247 232 2308 ΒΗ
235 2254 267 2309 Δ
290 2247 396 2327 γωνία
419 2239 439 2327 ἡ
463 2240 623 2310 λείπουσώ
648 2245 738 2310 ἐστιν
761 2243 885 2322 εἰςτὰς
904 2242 967 2310 δύο
987 2239 1096 2326 ὀρθὰς
1116 2247 1175 2327 της

159 2355 296 2429 κλίσεως
313 2352 382 2417 τῶν
400 2354 506 2434 ΒΖΓ,
527 2355 626 2417 ΓΖΔ
648 2347 833 2435 τριγώνων.
869 2347 992 2435 ταύτης
1015 2353 1175 2431 δοθείσης

160 2456 323 2541 δεδομένη
357 2460 448 2522 ἔσται
479 2456 535 2522 καί
567 2453 588 2541 ἡ
621 2460 728 2533 κλίσις
759 2459 827 2523 τῶν
859 2459 921 2522 τοῦ
956 2456 1173 2539 εἰκοσαέδρου

160 2562 333 2626 ἐπιπέδων.
382 2559 447 2627 ἀπὸ
476 2560 541 2646 γὰρ
570 2564 628 2645 τῆς
655 2564 800 2647 πλευρᾶς
827 2565 889 2629 τοῦ
915 2560 1083 2647 τριγώνου
1110 2565 1173 2627 τοῦ

107 2692 141 2740 20
160 2667 376 2750 εἰκοσαέδρου
402 2664 655 2752 ἀναγραφέντος
682 2665 899 2752 πενταγώνου
926 2669 1175 2753 ἐπιζευχθείσης

160 2773 218 2855 τῆς
245 2766 312 2837 ὑπὸ
340 2770 403 2838 δύο
431 2770 577 2859 πλευρὰς
603 2769 844 2858 ὑποτεινούσης
871 2777 932 2840 τοῦ
956 2773 1175 2858 πενταγώνου

160 2873 205 2956 ώς
228 2876 280 2943 ἐπὶ
298 2881 356 2962 τῆς
374 2881 588 2964 καταγραφῆς
606 2881 665 2964 τῆς
683 2886 752 2946 ΒΔ
775 2883 968 2966 δεδομένης,
993 2877 1116 2966 ὁμοίως
1135 2880 1173 2946 δὲ

159 2983 214 3049 καί
237 2987 306 3049 τών
329 2989 413 3066 ΒΗ,
437 2989 510 3051 ΗΔ
538 2985 691 3052 καθέτων
719 2989 787 3052 τών
814 2985 1004 3070 τριγώνων,
1038 2988 1173 3053 δέδοται

159 3089 214 3156 καί
242 3086 262 3175 ἡ
290 3086 356 3157 ὑπὸ
379 3097 495 3157 ΒΗΔ.
546 3094 577 3158 εἰ
602 3089 666 3176 γὰρ
693 3093 843 3178 κέντροις
870 3105 940 3171 τοῖς
967 3093 1085 3176 πέρασι
1114 3097 1173 3177 τῆς

106 3221 139 3271 ει
159 3192 224 3263 ὑπὸ
254 3195 317 3263 δύο
345 3197 489 3281 πλευρὰς
516 3192 757 3282 ὑποτεινούσης
788 3201 850 3265 τοῦ
883 3196 1099 3283 πενταγώνου
1128 3194 1173 3277 ώς

233 3431 256 3481 1.
280 3425 352 3496 τῶν]
372 3420 425 3492 τήν
444 3423 525 3479 PBv.
608 3433 633 3481 3.
657 3429 813 3482 νεκοείσθω
834 3445 869 3480 m.
947 3432 972 3480 4.
998 3446 1027 3482 τε
1047 3426 1096 3481 καί
1116 3425 1170 3479 ίσο·

157 3491 275 3567 γώκιον]
295 3513 350 3551 om.
370 3494 436 3548 Vm.
506 3501 612 3551 ΑΒΓΔ
631 3497 661 3551 Ρ.
736 3503 761 3553 8.
780 3494 816 3566 δὴ
835 3500 886 3567 μία
904 3496 988 3552 PBv.
1064 3503 1105 3550 10.
1126 3517 1171 3565 γε-

159 3564 278 3635 νόμεναι
298 3567 327 3621 Ρ.
422 3567 487 3638 ΓΖ]
512 3570 571 3625 ΚΞ
589 3569 617 3623 P.
711 3574 752 3623 11.
773 3564 865 3639 ἔστιν]
884 3572 893 3635 (
915 3568 983 3637 rius)
1003 3564 1061 3623 ἐστι
1081 3567 1170 3620 va.

195 3632 362 3692 αύτόθινλ
418 3643 458 3692 12.
479 3633 599 3711 ἀμβλεῖα
618 3637 675 3694 ΡΒ.
732 3587 953 3695 18.ΒΔΗΡΒ.
1011 3638 1168 3708 unus]

160 3712 189 3762 H
207 3726 221 3762 ε
241 3724 310 3763 corr.
334 3707 363 3775 V,
384 3712 462 3763 ΒΓΔ
481 3727 508 3776 v,
528 3714 617 3764 ΒΔΗ
633 3710 691 3764 ΡΒ.
765 3705 912 3773 ἐλάττονες
930 3739 963 3750 -
980 3712 1010 3762 H
1014 3711 1050 3778 Δ]
1069 3709 1098 3762 in
1116 3725 1170 3761 ras.

157 3796 195 3832 m.
218 3786 230 3832 1
251 3798 276 3834 v.
350 3785 393 3834 1⁶.
418 3779 487 3850 ΒΓ]
513 3785 533 3834 Β
557 3780 586 3835 in
605 3798 658 3836 ται.
678 3779 712 3835 V.
796 3777 915 3853 τούτου]
939 3780 990 3834 τοῦ
1009 3780 1045 3846 Ρ,
1068 3775 1171 3833 τούτου

91 3851 288 3988 ,δήομεν
309 3868 346 3906 m.
426 3857 468 3906 16.
492 3845 600 3923 δρθοὶς]
626 3867 681 3906 om.
704 3851 768 3906 Vm.
853 3857 895 3907 1⁷.
918 3854 1012 3921 ΒΖΓ,
1033 3851 1130 3921 ΓΖΔ]
1155 3867 1171 3904 ο
