2414 4236
139 540 184 604 54
510 539 714 594 momen
730 533 779 596 ιε’.

138 683 214 769 περὶ
244 692 314 750 τῶν
347 681 533 769 εἰρημένων
563 679 758 750 ἀποδέδωκε
792 678 897 768 λύγον
932 682 1064 769 σαφοῦς
1096 675 1150 766 ἐφ’

138 787 265 878 ἑκάστῳ
289 787 496 875 φαινομένης
519 783 609 879 αύτῷ
632 791 692 874 τῆς
713 783 923 870 ἀποδείξεως.
968 785 1022 856 έπί
1046 784 1084 854 δέ
1106 796 1152 876 τῷ

139 893 312 981 πρόδηλον
325 896 485 980 γενέσθαι
499 891 562 981 τὴν
577 896 613 962 ἐν
628 891 743 975 αύτοίς
756 890 993 980 ἄποδειιιτιαὴν
1002 897 1153 980 θεωρίαν

138 999 319 1087 τὸνλόγον
339 997 395 1089 ἐφ’
414 998 556 1069 έκύστοο
574 1005 761 1088 σαφηνίσω,
779 1000 835 1068 καὶ
849 999 1013 1087 πρότερον
1027 999 1081 1069 έπί
1094 1003 1155 1086 τῆς

103 1111 332 1194 επυραμίδος.

204 1213 384 1300 νενοήσθω
407 1213 553 1300 πυραμίς
575 1209 641 1288 ὑπὸ
664 1211 837 1299 τεσσάρων
860 1211 1070 1299 ἰσοπλεύρων
1087 1237 1154 1298 τρι·

137 1318 258 1405 γύνων
285 1321 503 1407 περιεχομένη
530 1316 551 1406 ἡ
575 1323 710 1388 ΑΒΓΔ
735 1323 797 1388 τού
819 1324 924 1389 ΑΒΓ
945 1318 1074 1406 βάσεως
1096 1344 1152 1387 νο-

138 1427 297 1512 ουμένου,
321 1430 473 1513 κορυφῆς
496 1425 534 1494 δὲ
556 1428 619 1495 τοῦ
642 1434 685 1494 Δ.
723 1425 779 1494 καί
801 1431 984 1512 τμηθείσης
1005 1430 1064 1513 τῆς
1082 1433 1154 1492 ΑΛ

137 1536 282 1618 πλευρᾶς
309 1537 386 1620 δίχα
413 1529 495 1600 κατὰ
521 1529 559 1600 τὸ
583 1538 616 1599 Ε
641 1531 895 1621 ἐπεζεύχθωσαν
922 1535 960 1600 αἰ
980 1539 1059 1618 ΒΕ,
1082 1538 1154 1601 ΕΓ.

85 1663 119 1712 10
136 1638 193 1706 καί
213 1639 283 1706 ἐπεὶ
302 1636 485 1724 ἰσόπλευρα
505 1640 575 1706 ἐστι
596 1637 637 1706 τδι
655 1644 771 1725 ΑΔΒ,
789 1643 899 1708 ΑΔΓ
915 1642 1074 1725 τρίγωνα,
1096 1639 1153 1706 καί

138 1749 215 1832 δίχα
237 1744 392 1830 τέτμηται
415 1743 436 1831 ἡ
461 1753 547 1830 ΛΔ,
571 1747 609 1812 αί
629 1751 709 1831 ΒΕ,
732 1750 797 1813 ΓΕ
816 1742 883 1832 ἄρα
905 1745 1047 1814 πύθετοί
1066 1748 1153 1812 εἰσιν

138 1851 191 1918 ἐπὶ
218 1847 280 1937 τὴν
308 1858 388 1918 ΛΔ.
438 1851 540 1936 λέγω,
573 1848 625 1919 ὅτι
653 1848 674 1938 ἡ
701 1847 767 1920 ὑπὸ
794 1856 896 1921 ΒΕΓ
922 1855 1029 1938 γωνία
1061 1846 1152 1931 ὀξείύ

138 1959 237 2025 ἐστιν.
283 1956 353 2024 ἐπεὶ
380 1955 446 2043 γὰρ
476 1960 576 2044 διπλῆ
600 1959 691 2026 ἐστιν
718 1954 740 2044 ἡ
763 1962 833 2027 ΑΓ
853 1962 912 2044 τῆς
934 1964 1016 2041 ΑΕ,
1043 1982 1153 2043 τετρα-

137 2062 281 2130 πλάσιόν
304 2064 373 2130 ἐστι
396 2061 433 2131 τὸ
458 2061 524 2131 ἀπὸ
542 2066 602 2150 τῆς
620 2073 653 2130 Α
659 2068 692 2130 Γ
707 2067 769 2131 τού
789 2061 854 2132 ἀπὸ
877 2067 938 2151 τῆς
955 2071 1031 2132 ΑΕ.
1068 2061 1151 2130 ἀλλὰ

86 2192 118 2242 ιο
137 2167 176 2237 τὸ
203 2167 269 2271 ἀπὸ
295 2172 353 2256 τῆς
381 2175 450 2238 ΑΓ
477 2176 554 2237 ίσον
582 2170 651 2238 ἐστὶ
678 2184 748 2250 τοῖς
775 2168 840 2238 ἀπὸ
873 2175 942 2239 τῶν
969 2177 1050 2256 ΑΕ,
1075 2175 1152 2237 ΕΓ·

137 2273 222 2344 ὥστε
245 2275 284 2344 τὸ
307 2273 373 2344 ἀπὸ
397 2283 467 2345 ΑΓ
490 2274 573 2364 πρὸς
595 2275 633 2345 τὸ
656 2275 723 2344 ἀπὸ
746 2283 811 2345 ΓΕ
831 2276 935 2363 λόγον
958 2282 1039 2363 ἔχει,
1068 2273 1108 2344 δυ
1133 2268 1154 2342 δ

137 2381 221 2467 πρὸς
243 2395 272 2470 γ.
318 2387 377 2450 καί
402 2385 493 2452 ἐστιν
522 2391 578 2470 ίση
606 2382 626 2470 ἡ
656 2389 720 2451 ΓΕ
745 2387 784 2472 τῇ
809 2391 885 2452 ΕΒ·
925 2383 963 2452 τὸ
994 2382 1059 2470 ἄρα
1085 2382 1151 2450 ἀπὸ

137 2494 205 2556 ΒΓ
224 2487 362 2556 ἔλαττόν
385 2491 454 2557 έστι
478 2500 546 2559 τῶν
569 2488 634 2557 ἀπὸ
658 2497 732 2574 ΒΕ,
751 2496 821 2558 ΕΓ.
863 2487 953 2571 ὀξεῖα
976 2486 1041 2575 ἄρα
1062 2489 1153 2557 ἐστὶν

137 2591 158 2678 ἡ
177 2590 240 2661 ὑπὸ
252 2600 363 2697 ΒΕΓ.
395 2597 464 2663 έπεί
484 2588 548 2663 οὖν
567 2596 631 2665 δύο
650 2599 815 2665 ἐπιπέδων
833 2599 902 2664 τῶν
918 2603 1034 2680 ΑΒΔ,
1049 2606 1080 2663 Α
1087 2604 1119 2662 Δ
1125 2600 1156 2662 Γ

82 2724 118 2773 το
139 2697 237 2786 κοινὴ
256 2700 340 2787 τομή
360 2703 451 2769 ἐστιν
465 2699 486 2787 ἡ
502 2710 583 2788 ΑΛ,
603 2703 659 2770 καί
677 2707 717 2791 τῇ
734 2706 831 2791 κοινῇ
846 2706 930 2791 τομῇ
945 2701 1029 2786 πρὸς
1047 2701 1154 2785 ὀρθάς

138 2810 225 2873 εἰσιν
239 2803 371 2873 εὐθεῖαι
387 2809 424 2875 ἐν
443 2809 585 2900 ἑκατέρω
605 2812 673 2877 τῶν
692 2810 858 2877 έπιπέδων
877 2806 1017 2895 ἠγμέναι
1032 2811 1070 2875 αἰ
1078 2815 1152 2891 ΒΕ,

140 2917 205 2979 ΕΓ
223 2912 278 2980 καί
303 2903 414 2995 ὀξεῖαν
436 2921 564 3001 γωνίαν
589 2923 811 3002 περιέχουσιν,
836 2911 857 3001 ἡ
880 2911 945 2982 ὑπὸ
966 2920 1070 2982 ΒΕΓ
1087 2913 1152 3001 ἄρα

137 3025 245 3104 γωνία
264 3016 284 3103 δ,
304 3025 412 3101 κλίσις
431 3022 499 3089 ἐστὶ
517 3032 586 3090 τῶν
605 3022 780 3090 ἐπιπέδων.
820 3025 879 3088 καί
891 3023 960 3089 ἐστι
975 3023 1152 3107 δεδομένη·

138 3126 272 3193 δέδοται
297 3126 363 3214 γὰρ
391 3123 412 3212 ἡ
437 3134 503 3196 ΒΓ
525 3125 652 3215 πλευραὶ
682 3120 768 3195 ούσα
795 3132 856 3195 τοῦ
883 3126 1065 3213 τριγώνου,
1098 3127 1152 3193 καὶ

82 3254 119 3303 25
139 3231 275 3315 ἑκατέρα
297 3238 366 3301 τῶν
389 3240 469 3320 ΒΕ,
494 3239 559 3301 ΕΓ
581 3232 724 3313 κάθετος
752 3225 838 3301 οὖσα
865 3236 926 3300 τού
949 3232 1153 3316 ἰσοπλεύρου

137 3339 313 3423 τριγώνου.
359 3338 509 3425 κέντροις
531 3344 649 3407 τοίνυν
676 3353 747 3418 τοῖς
769 3345 813 3423 Β,
838 3343 880 3423 Γ,
907 3338 1055 3406 τουτέστι
1083 3353 1154 3418 τοῖς

138 3446 256 3531 πέρασι
279 3449 338 3530 τῆς
359 3448 439 3531 μιᾶς
460 3451 620 3532 πλευρᾶς,
649 3446 847 3533 διαστήματι
877 3444 914 3513 δέ
937 3449 976 3533 τῇ
1000 3448 1061 3512 τοῦ
1084 3472 1152 3530 τρι-

213 3611 236 3658 1,
260 3598 445 3658 ἀποδέδωκεν
465 3603 524 3658 ΡΒ.
607 3608 705 3674 σαφῶς
727 3604 770 3660 V?
852 3611 877 3658 2.
901 3599 972 3659 αύτό
991 3623 1017 3658 v.
1100 3605 1152 3675 τῷ]

139 3691 208 3730 corr.
222 3674 305 3760 'exto'
325 3673 360 3741 V,
379 3677 429 3730 τοῦ
449 3674 530 3756 ΡΒ]1
586 3680 611 3730 8.
632 3673 664 3730 έν
682 3671 792 3748 αύτοῑς]
813 3671 955 3744 έαυτῆςτ.
1011 3681 1035 3730 4.
1055 3670 1109 3761 ἀφ’
1128 3693 1152 3730 v.

177 3741 285 3799 ἕκαστω
305 3745 386 3800 PBv.
446 3752 470 3800 6.
491 3744 615 3816 ςΡωρ.
670 3749 827 3802 νενοείτθω
843 3763 880 3801 m
940 3751 965 3800 7.
984 3748 1153 3816 νοουμενου]

139 3802 292 3884 γινομένου
311 3834 348 3869 m.
421 3824 445 3871 8.
466 3815 511 3887 δέ]
532 3833 586 3872 om.
606 3818 635 3873 P.
712 3823 738 3872 9.
757 3815 992 3886 αἰπεζεύχθωοαν
1011 3835 1037 3870 v.
1111 3825 1154 3871 10.

123 3885 201 3951 m?
216 3903 269 3942 0111.
286 3886 347 3940 PB.
422 3888 520 3961 ΑΔΒ]
540 3893 623 3944 ΑΒΔ
641 3907 677 3948 m.
754 3893 794 3942 13.
814 3883 923 3944 έστιιω.
997 3885 1064 3958 γάρ]
1084 3904 1153 3943 corr.
