2414 4236
157 459 223 524 190
308 450 467 513 80110111
483 462 523 513 m
539 459 816 519 mmmmm
832 458 1009 513 Imm

155 599 251 682 ἀξιον
274 599 320 689 μὴ
343 608 543 688 παρελθεῖν,
571 598 625 671 ότι
651 612 721 671 τῶν
742 598 857 671 αάτνῖν
873 598 1105 689 θεωρημάτων
1125 596 1170 669 τά

155 709 217 793 μίν
240 709 310 775 ἐστι
331 706 497 793 καθόλου,
518 706 560 775 τὰ
583 704 622 775 δὲ
645 704 688 776 οό
708 703 872 776 καθόλου.
914 702 934 775 ό
957 704 1170 795 στοιγειυτὴς

156 812 324 900 ἐδήλωσεν
347 814 385 883 τὸ
409 811 759 901 παραλληλόγραμμον
785 814 823 881 ἐν
845 812 1102 902 τετραπλεύροις
1121 838 1170 883 τι·

154 920 306 1007 θέμενος.
352 920 526 1007 ἐπιστῆσαι
548 917 586 987 δὲ
608 917 720 1005 ἀξιον,
746 916 874 1005 μήκοτε
894 916 1042 987 κολιᾶν
1063 915 1170 989 effl-

119 1051 309 1113 ογραμμον
331 1022 592 1115 ἀρτιόπλευρον,
621 1022 704 1093 ὅταν
731 1023 935 1112 ἰσόπλευρόν
955 1050 993 1095 τε
1018 1024 1075 1093 καί
1097 1028 1168 1095 ίσο·

153 1131 282 1217 γόνιον
304 1131 447 1223 ὑπάρχῃ,
470 1131 820 1221 παραλληλόγραμμον
843 1131 972 1219 ῥητέον.
1011 1136 1079 1219 ἔχει
1101 1130 1171 1219 γάρ

153 1238 331 1308 καὶτοῦτο
354 1242 414 1319 τάς
439 1235 644 1308 ἀπεναντίον
670 1236 816 1327 πλευράς
843 1245 919 1319 ἴσας
938 1263 976 1307 τε
1000 1236 1058 1305 καί
1083 1262 1168 1323 παρ-

155 1345 320 1431 αλλήλους
337 1346 394 1413 καὶ
411 1344 470 1426 τάς
483 1342 686 1414 ἀπεναντίον
699 1350 834 1432 γωνίας,
853 1339 930 1414 οἷον
941 1342 981 1413 τό
994 1342 1167 1430 ἑξάγωνον

153 1450 268 1519 καὶτὸ
293 1450 488 1539 όκτάγυνον
510 1452 566 1519 καὶ
589 1448 627 1520 τὸ
650 1450 854 1538 ἀεκάγωνον.
1003 1480 1008 1487 ·

101 1581 134 1630 10
222 1560 294 1625 120.
328 1557 574 1645 Ἀντιστρόφια·
610 1558 666 1624 καί
693 1550 742 1628 όν
769 1558 1023 1646 τετραπλεύρων
1048 1559 1087 1625 αί
1105 1552 1168 1625 ἀκ-

153 1670 312 1732 εναντίον
340 1665 480 1752 πλευραὶ
508 1672 578 1731 ἶσαι
605 1661 766 1750 ἀλλήλαις
793 1667 896 1751 είσίν,
928 1658 950 1751 ἢ
979 1661 1084 1732 πάλιν
1115 1654 1166 1731 όν

152 1771 404 1856 τετραπλεύρων
441 1772 480 1836 αί
508 1766 711 1839 ἀπεναντίον
742 1774 865 1855 γωνίαι
898 1777 970 1838 ἴσαι
1003 1764 1167 1857 ἀλλήλαις

152 1878 251 1959 είσίν,
275 1876 386 1941 ἐκεῖνα
408 1872 449 1941 τά
471 1873 696 1962 τετράπλευρα
714 1873 1044 1964 παραλληλόγραμμά
1062 1876 1168 1961 ἐστιν,

151 1979 207 2044 καὶ
231 1983 279 2045 ἔτι
302 1970 351 2046 ιόυ
368 1979 623 2068 τετραπλεύρων
641 1984 680 2048 αί
695 1980 970 2068 ἐπιζευγνύμεναι
988 1980 1166 2068 διαγάνιοι

100 2109 133 2158 15
153 2081 340 2172 ἀμφότεραι
373 2090 450 2172 δίχα
480 2088 661 2174 τέμνουσιν
696 2087 737 2156 τά
773 2089 1016 2174 τετράπλευρα,
1054 2090 1166 2156 ἐκεῖνα

151 2189 479 2279 παραλληλόγραμμά
503 2194 602 2260 ἐστιν.

488 2392 544 2456 Ad
567 2414 671 2476 prop.
695 2391 829 2459 XXXV.

220 2516 291 2579 121.
320 2510 447 2599 Ὥσπερ
475 2512 540 2579 είσὶ
564 2523 632 2580 τῶν
659 2513 890 2599 θεωρημάτων
913 2513 953 2582 τά
977 2515 1039 2601 μὲν
1061 2511 1166 2599 ἆπλᾶ,

149 2617 189 2684 τά
205 2617 242 2683 δὲ
257 2617 416 2701 σύνθετα,
435 2618 490 2684 καὶ
509 2617 550 2683 τά
569 2617 630 2703 μὲν
649 2618 826 2705 καθολικά,
844 2618 885 2687 τά
906 2621 943 2689 δὲ
962 2621 1015 2689 ἐπὶ
1028 2622 1165 2708 μέρους,

98 2748 131 2795 20
151 2720 257 2801 οὕτως
279 2721 335 2788 καὶ
357 2720 398 2788 τά
421 2723 484 2809 μέν
508 2726 572 2789 είσι
594 2721 729 2809 τοπικά,
757 2721 797 2790 τά
824 2723 861 2791 δὲ
885 2728 936 2797 οὔ.
980 2724 1100 2796 τοπικά
1124 2726 1164 2795 δὲ

150 2829 315 2913 λέγονται,
339 2824 432 2908 ὅσοις
450 2826 575 2895 ταύτὸν
594 2827 777 2917 σύμπτωμα
797 2830 879 2917 πρὸς
898 2834 966 2926 ὅλῳ
984 2834 1052 2901 τινὶ
1070 2833 1164 2926 τόπῳ

149 2937 347 3022 συμβέβηκε,
370 2934 472 3014 τόπος
496 2933 533 3001 δὲ
556 2939 709 3023 γραμμῆς
730 2932 752 3023 ἢ
776 2939 971 3025 ἐπιφανείας
993 2942 1089 3020 θίσις
1111 2944 1163 3021 τίς

150 3044 217 3108 ἐστι
232 3046 376 3110 ποιοῦσα
391 3045 428 3109 ἓν
442 3041 498 3108 καὶ
511 3040 635 3110 ταύτόν
650 3043 841 3131 σύμπτωμα.
878 3050 948 3113 τῶν
962 3046 999 3114 δὲ
1012 3051 1162 3115 τοπικῶν

148 3145 188 3215 τά
210 3149 273 3235 μὲν
295 3146 379 3232 πρὸς
401 3162 568 3234 γραμμαῖς
592 3155 823 3236 συνίστανται,
850 3149 891 3219 τά
920 3152 957 3220 δὲ
984 3149 1068 3240 πρὸς
1091 3154 1161 3220 ἐπι-

96 3282 129 3329 25
149 3258 317 3339 φανείαις,
349 3252 480 3322 τούτων
513 3254 550 3323 δὲ
578 3258 616 3322 αί
641 3259 702 3342 μέν
730 3263 817 3326 εἰσιν
848 3260 1015 3344 ἐπίπεδοι,
1048 3251 1098 3328 ἀν
1122 3262 1163 3328 ἐν

149 3360 291 3448 ἐπιπέδῳ
315 3357 402 3446 ἁπλῆ
426 3358 447 3447 ἡ
470 3359 602 3448 νόησις,
625 3366 663 3429 αί
684 3363 721 3430 ὀὶ
745 3370 889 3452 στερεαί,
913 3357 962 3433 όν
985 3362 1006 3451 ἡ
1030 3366 1164 3451 γένεσις

148 3470 183 3532 ε”κ
205 3492 298 3545 τινος
320 3478 421 3555 τομῆς
440 3464 660 3556 ἀναφαίνεται
680 3474 816 3556 στερεοῦ
837 3470 1013 3558 σχήματος,
1038 3472 1084 3553 ὡς
1100 3478 1164 3559 τῆς

150 3596 292 3605 --...-..-
298 3597 358 3603 -----

220 3651 278 3699 120.
299 3646 418 3702 PBVat.
436 3648 470 3717 (F
486 3650 591 3716 euan.);
612 3645 652 3710 είς
670 3643 701 3701 τό
720 3643 766 3702 λό’
785 3646 849 3703 Vnt.
924 3654 982 3705 121.
1002 3648 1043 3702 V·
1056 3649 1121 3718 (sq).

219 3813 260 3863 13.
280 3803 368 3880 ἔστιν]
388 3805 460 3863 είοιν
479 3808 542 3865 Vat-
