2414 4236
207 530 363 582 SCHOLIA
382 532 421 582 IN
437 529 713 582 ELEMENTORUM
730 529 871 580 LIBRUM
884 530 931 582 XI.
1004 526 1070 592 603

57 670 79 756 ἡ
101 676 166 738 ΕΓ
184 674 224 758 τῇ
244 675 304 737 ΓΔ
324 667 400 736 οὔτε
418 673 549 756 μείζων,
574 667 719 736 έῖἀττων
737 665 812 752 ἀρα.
849 663 870 754 ἢ
888 669 944 734 καὶ
964 665 1071 748 οὕτως

59 775 324 863 συντομώτερον·
355 783 411 860 ἴση
434 787 540 842 κεῖται
562 773 583 862 ἡ
602 781 667 842 ΕΒ
689 776 729 862 τῃ
747 780 829 841 BA·
862 777 894 841 εί
916 765 979 840 οὖν
1002 776 1070 841 έστι

59 882 113 948 καῖ
138 880 159 967 ἡ
184 888 250 949 ΕΓ
274 889 329 967 ἴση
355 884 395 969 τῇ
418 885 494 964 ΓΔ,
527 884 660 948 ἔσονται
689 883 726 946 αἴ
751 879 814 947 δύο
842 881 880 946 αἴ
901 885 979 963 ΕΒ,
1005 883 1071 945 ΒΔ

61 998 131 1055 ίσαι
155 988 232 1056 θυσῖ
256 1000 328 1067 ταῖς
345 991 417 1066 ΕΓ,
436 990 509 1055 ΓΛ.
546 982 629 1054 ὥστε
652 989 690 1052 αἴ
710 992 784 1071 ΒΕ,
803 990 875 1069 ΕΓ,
899 985 1070 1052 τουτέστιν

59 1095 80 1180 ἡ
106 1100 177 1179 ΒΓ,
201 1100 292 1161 ἔσται
315 1101 370 1178 ἴση
395 1092 473 1159 δυσὶ
495 1105 568 1170 ταῖς
590 1097 669 1177 ΒΔ,
695 1097 777 1160 ΔΓ·
806 1090 886 1177 ὅπερ
910 1088 1045 1159 ἀτοπον.
1108 1119 1124 1166 5

424 1306 481 1370 Ad
504 1327 608 1389 prop.
632 1304 718 1370 XXI.

127 1433 178 1497 32.
216 1427 341 1496 Λοιααῖ
363 1426 429 1514 ἀρα
457 1453 487 1516 p.
511 1431 568 1512 56,
592 1430 654 1511 20]
684 1428 869 1513 διαιρετέον
892 1424 951 1507 τάς
973 1426 1072 1494 ἐννέα

59 1541 184 1622 γωνιάς
203 1537 250 1614 εἴς
268 1536 303 1615 ἓξ
321 1533 376 1601 καῖ
389 1546 488 1620 τρεῖς,
506 1545 595 1619 τρεῖς
608 1531 671 1619 μὲν
684 1535 744 1612 τὰς
756 1529 823 1601 ὑπὸ
835 1538 946 1619 ΒΑΓ,
962 1537 1072 1617 ΓΑΔ,

60 1642 115 1709 καῖ
139 1646 186 1721 είς
209 1642 243 1721 ἓξ
267 1642 326 1719 τὰς
348 1638 475 1720 λοιπάς.
520 1638 590 1706 ένιεῖ
620 1629 683 1706 οὖν
710 1641 748 1704 ac
773 1639 870 1707 ἐννέα
894 1640 928 1720 ἓξ
951 1634 1072 1724 ὀρθαῖς

60 1756 129 1815 ἴσαι
153 1750 250 1831 εἴσίν,
274 1751 388 1834 ἔχουσι
412 1745 449 1813 ἀὲ
472 1756 540 1813 τῶν
563 1746 597 1826 ἓξ
621 1742 739 1827 ὀρθῶν
762 1742 825 1812 δύο
844 1743 899 1811 καί
919 1748 965 1811 ε”τι
985 1747 1023 1810 αἴ
1039 1746 1071 1824 ’ἐξ
1092 1770 1126 1819 10

60 1859 191 1940 γωνίαι,
215 1858 360 1920 λείπεται
384 1851 426 1937 θη
445 1849 505 1929 τὰς
522 1862 612 1936 τρεῖς
629 1855 754 1935 γωνίας
772 1855 860 1937 ἔχειν
877 1852 936 1930 τάς
954 1847 1073 1929 λοιτιάς

57 1964 128 2028 τῶν
161 1961 211 2044 ἒξ,
244 1959 368 2036 αἵτινές
396 1962 482 2025 εἴσιν
515 1959 553 2023 αἴ
582 1955 696 2023 λοιταῖ
727 1953 768 2023 οὐ
795 1956 964 2043 τέσσαρες,
996 1951 1068 2022 ἀλλ’

59 2063 194 2150 ἥττονες
207 2073 273 2131 τῶν
287 2062 468 2149 τεσσάρων.
501 2058 544 2130 ἀν
559 2060 624 2149 γάρ
639 2058 704 2129 ἀπὸ
719 2065 788 2129 τῶν
802 2064 836 2143 ἒξ
850 2063 1072 2151 ἀφῃρέθησαν

61 2167 136 2254 δύο,
160 2172 198 2236 αί
217 2176 494 2255 καταλειφθεῖσαι
518 2160 605 2256 ἦσαν
628 2162 672 2234 ἀν
694 2168 861 2254 τέσσαρες,
885 2169 955 2236 ἐπεὶ
974 2167 1011 2235 δὲ
1031 2165 1072 2234 οὐ

62 2273 124 2342 δύο
148 2277 249 2362 μόναι
272 2270 337 2342 ἀπὸ
360 2278 428 2343 τῶν
451 2275 485 2354 ἓξ
508 2271 626 2360 ὀρθῶν
648 2271 882 2361 ἀφῃρέθησαν,
904 2268 988 2340 ἀῖῖά
1009 2271 1071 2340 δύο
1092 2299 1126 2347 1⁵

59 2381 115 2448 καῖ
140 2387 198 2466 ἔτι,
221 2384 258 2449 αἴ
279 2386 558 2466 καταλειφθεῖσαῖ
577 2383 643 2448 εἴσι
665 2380 830 2465 τεττάρων
852 2376 996 2466 ἥττονες.
1007 2381 1030 2467 ¹)

412 2577 468 2640 Ad
490 2598 594 2660 prop.
617 2575 722 2641 XXII.

128 2699 180 2765 33.
215 2693 293 2766 Ἐἀν
317 2689 401 2765 ὦσιν
425 2696 674 2783 ὁσαιδηποτοῦν
697 2703 816 2783 γωνίαι
840 2700 1001 2780 ἐπίπεδοι,
1024 2687 1074 2763 ὧν

62 2806 141 2891 μιάς
164 2805 201 2870 αἴ
222 2803 335 2869 λοιπαὶ
358 2807 489 2890 μείζους
511 2801 576 2870 εἴσῖ
599 2801 705 2890 αάντῃ
729 2801 1073 2889 μεταλαμβανόμεναι,

135 2987 161 3050 1)
190 2982 261 3036 Post
281 2981 337 3035 hoe
359 2978 445 3034 schol.
468 2978 498 3033 in
521 2977 556 3031 P¹
578 2976 644 3033 add.
668 2973 843 3048 ἀδιανόητον
865 2980 950 3034 δοκεῖ
967 2997 1015 3048 μοι
1039 2976 1071 3033 τὸ

62 3068 175 3138 σχόῖιον
194 3069 284 3124 τοῦτο.
322 3066 444 3123 Deinde:
463 3061 515 3122 ἐὰν
534 3052 606 3121 at}
627 3069 728 3137 γωνίαι
747 3058 815 3121 ἀσιν
831 3065 864 3134 ’ἐξ
883 3062 988 3134 ὀρθαῖς
1006 3066 1073 3131 ἴσαι,

63 3141 138 3194 θιοτι
156 3157 280 3222 αι-τρεις
297 3159 349 3194 του
367 3135 504 3206 τριγώνου
523 3139 624 3206 γωνίαι
643 3138 724 3192 ἀοοῖν
744 3133 848 3205 ὀρθαῖς
865 3140 924 3192 ἴσαι
943 3135 1022 3204 οἴσίν,
1042 3135 1076 3191 αι’

62 3226 93 3282 δὲ
113 3228 170 3281 τῶν
188 3232 211 3282 θ
230 3232 340 3296 γωνιῶν
358 3231 378 3287 ξ
395 3228 520 3296 μείζονες
539 3225 597 3280 τῶν
616 3224 668 3281 δύο
688 3224 759 3280 ιῖσῖν
773 3220 880 3294 ὀρθῶν,
898 3225 995 3280 ῖοιααῖ
1013 3221 1072 3294 ἀρα

60 3313 94 3370 αἱ
111 3318 348 3385 ιιαταῖειφθεῖσαι
365 3318 424 3372 τῶν
439 3307 463 3370 θ
480 3319 555 3382 τρεῖς
569 3311 603 3368 αἴ
614 3314 663 3369 nal
676 3309 728 3382 τὴν
743 3311 860 3382 στερεάν
874 3314 981 3384 γωνίαν
996 3333 1072 3381 τιιρι·

63 3404 177 3473 ἔχουσαι
202 3399 349 3464 έῖάστονες
371 3400 506 3457 θέλουσιν
531 3399 605 3458 εἴναι
628 3403 685 3457 τῶν
707 3391 727 3457 ἀ
747 3406 802 3456 τῶν
826 3402 1073 3471 ιιατιιῖειφθεισῶν

62 3471 120 3530 ἀπὸ
138 3474 195 3528 τῶν
214 3470 320 3540 ὀρθῶν.

132 3639 175 3689 32.
195 3633 294 3704 q(P¹).
367 3637 410 3688 88.
429 3631 523 3687 PBV⁰
543 3633 589 3704 (ιιβ
604 3632 660 3701 V0).

60 3866 83 3922 li
131 3801 164 3920 ῗθ
185 3795 279 3868 ΓΑΔ]
304 3809 355 3848 sor.
376 3796 573 3861 ΓΑΔ,ΔΑΒ.
661 3800 702 3851 10.
728 3792 786 3867 ἔτι]
810 3788 996 3857 aethan&
1025 3790 1076 3846 cfr.

83 3883 110 3922 n.
168 3909 173 3921 .
