2414 4236
127 458 192 523 178
279 459 437 513 scnom
453 460 495 513 m
511 458 787 513 mmmm!
802 458 980 513 mum

126 601 345 687 ἐξηγούμενοι
375 601 417 667 τά
445 598 511 687 πρὸ
539 604 608 669 τῶν
634 598 865 687 θεωρημάτων
892 598 1067 685 ἐλέγομεν,
1098 594 1144 667 οὐ

126 704 216 794 παρὰ
238 704 375 774 πάντων
397 710 497 775 τοῦτο
517 704 767 795 συγκεχώρηται
784 700 873 774 εἶναι
890 700 1144 785 ἀναποδείκτως

127 809 410 900 ὁμολογούμενον.
459 811 515 880 καὶ
541 816 612 893 πῶς
637 814 703 901 γὰρ
731 807 777 881 ἂν
809 818 860 898 είη
891 813 1065 890 τοιοῦτονς
1100 809 1148 879 τὸ·

126 915 353 1007 ἀντίστροφον
377 916 422 999 ῶς
445 915 645 988 άποδειιιτὸν
668 920 707 987 έν
728 930 799 999 τοῖς
820 914 1042 1007 θεωρήμασιν
1061 910 1143 985 ὀνα-

89 1049 107 1097 ο
126 1026 315 1112 γέγραπται.
350 1024 437 1110 λέγω
460 1025 516 1112 δή,
538 1023 602 1111 ὅτι,
625 1022 686 1093 ἐὰν
708 1027 757 1105 είς
780 1021 843 1093 δύο
866 1022 1003 1103 εὐθείας
1021 1018 1143 1091 εὐθεῖα

125 1132 332 1217 ἐμπίπτουσα
368 1130 428 1212 τὰς
464 1129 559 1211 ἐντὸς
594 1130 651 1199 καὶ
682 1130 736 1199 έπλ
768 1128 810 1199 τά
841 1126 926 1199 αὐτὰ
959 1130 1043 1218 μέρη
1076 1126 1144 1197 δύο

125 1234 243 1325 ὀρθῶν
266 1236 451 1318 έλάσσονας
478 1240 573 1326 ποιή,
602 1239 850 1323 συμπεσοῦνται
877 1238 915 1303 αί
935 1231 1068 1304 εὐθεῖαι
1091 1236 1142 1304 έιι·

124 1343 340 1429 βαλλόμεναι,
362 1342 417 1431 ἐφ’
437 1339 459 1410 ά
477 1343 561 1431 μέρη
580 1341 667 1410 είσὶν
685 1344 724 1410 αί
738 1344 807 1411 τῶν
826 1340 890 1411 δύο
909 1338 1028 1428 ὀρθῶν
1046 1338 1141 1410 έλάσ-
1182 1330 1193 1345 ’

126 1469 231 1529 σονες.
277 1453 389 1543 πολλῷ
417 1448 455 1517 δὲ
482 1452 612 1538 μᾶλλον
635 1445 850 1536 άσύμπτωτοι
877 1447 931 1517 ἐπὶ
957 1445 996 1517 τὸ
1025 1448 1142 1535 ἕτερον

72 1578 107 1627 10
126 1556 242 1643 μέρος,
274 1552 328 1643 ἐφ’
358 1551 379 1623 ά
411 1557 495 1644 μέρη
528 1558 566 1622 αί
591 1560 712 1641 γωνίαι
744 1554 808 1623 δύο
836 1552 954 1642 ὀρθῶν
984 1558 1141 1642 μείζονες.

125 1659 209 1730 ῶστε
237 1657 291 1749 ἐφ’
317 1661 453 1749 έκάτερα
476 1660 536 1729 έάν
564 1664 651 1729 εἰσιν
678 1656 906 1748 άσύμπτωτοι,
932 1658 1142 1747 παράλληλοι

124 1772 267 1836 έσονται.

167 1870 405 1961 ἀντιστρέφει
435 1872 535 1960 μέρος
569 1869 653 1961 πρὸς
684 1872 767 1941 ὅλον
803 1872 944 1940 ἕκαστον
974 1875 1043 1940 τῶν
1074 1867 1143 1958 πρὸ

126 1977 233 2046 αὐτοῦ
255 1982 367 2066 τριῶν.

74 2107 107 2156 15
193 2088 239 2177 τῷ
261 2089 330 2152 τῶν
353 2085 575 2173 παραλλήλων
602 2083 700 2153 καὶ
686 2113 704 2153 ο
726 2082 950 2172 Ἀριστοτέλης
979 2082 1141 2172 ἐχρήσατο

125 2190 378 2272 κατασκευάζων
406 2192 657 2279 πεπερασμένον
685 2188 772 2259 εἶναι
799 2189 859 2258 τὸν
889 2192 1024 2277 κόσμον.
1076 2187 1137 2275 ἀφ’

127 2295 203 2376 έυός
217 2303 357 2384 σημείου
376 2297 438 2365 δύο
458 2298 664 2384 ἐκβάλωνται
683 2296 815 2366 εὐθεῖαι
834 2303 962 2382 γωνίαν
981 2300 1140 2364 ποιοῦσαι

126 2401 176 2471 ἐπ’
198 2402 349 2490 ἄπειρον·
372 2409 441 2472 πᾶν
459 2406 710 2492 πεπερασμένον
734 2404 877 2489 μέγεθος
899 2400 1100 2491 ὑπερβάλλει
1119 2398 1141 2487 ἡ

126 2510 299 2588 διάστασις
322 2507 434 2578 αὐτῶν
463 2515 510 2589 είς
537 2509 678 2598 ἄπειρον
706 2509 968 2596 ἐκβαλλομένων.
1015 2510 1142 2588 ἔδειξεν

72 2638 108 2688 20
126 2621 212 2701 γοῦν
244 2618 385 2700 ἐκεῖνος,
424 2613 475 2682 ὅτι
507 2612 654 2700 άπείρων
690 2613 802 2683 οὐσῶν
836 2617 872 2682 έν
904 2618 948 2704 τῷ
982 2613 1046 2682 ἀπὸ
1078 2618 1142 2682 τοῦ

126 2724 267 2806 κέντρου
294 2745 378 2808 προς
399 2719 462 2806 τήν
485 2721 699 2808 περιφέρειαν
723 2721 975 2807 έκβεβλημένων
998 2719 1139 2805 άπειρον

126 2825 164 2895 τὸ
198 2826 328 2912 μεταξύ.
386 2827 637 2913 πεπερασμένου
671 2824 735 2914 γάρ
768 2826 867 2906 ὄντος
899 2825 1041 2914 αὐξῆσαι
1077 2824 1140 2911 τὴν

127 2932 302 3000 διάστασιν
334 2930 521 3016 ἀδύνατον,
558 2930 642 3000 ῶστε
675 2929 736 3000 οὐκ
768 2931 899 3018 ἄπειροι
932 2935 969 2998 αί
999 2930 1140 2999 εὐθεῖαι.

126 3038 251 3118 παντὸς
279 3031 344 3107 οὐν
375 3043 437 3107 τοῦ
469 3039 660 3124 ληφθέντος
690 3040 943 3125 πεπερασμένου
975 3043 1142 3125 μεγέθους

72 3168 107 3217 κο
126 3153 238 3232 μεῖζον
253 3142 408 3231 άλλήλων
422 3143 659 3232 διαστήσανται
679 3145 918 3232 ἐκβαλλόμεναι
933 3141 983 3212 ἐπ’
1000 3143 1142 3232 άαειρον

126 3257 164 3320 αἱ
185 3251 324 3320 εὐθεῖαι.
361 3254 482 3319 τούτου
506 3250 548 3338 δή
567 3253 855 3338 προυποτεθέντος
874 3253 969 3336 λέγω,
994 3249 1056 3336 ὅτι,
1080 3250 1140 3319 έάν

124 3360 350 3445 παραλλήλων
387 3353 532 3425 εὐθειῶν
569 3361 632 3445 τήν
668 3359 784 3442 ἑτέραν
815 3360 895 3445 τέμῃ
928 3384 977 3435 τις
1009 3356 1140 3435 εὐθεῖα,

124 3466 235 3549 τέμνει
259 3459 372 3528 καὶ
337 3488 399 3548 την
421 3462 551 3550 λοιπήν.

199 3602 319 3728 ἔκβα
301 3600 486 3744 αλόμεναιΡ.
561 3664 601 3713 15.
626 3659 698 3748 τῷ]
702 3655 781 3713 τόΡ.
856 3666 897 3715 16.
921 3655 990 3730 ὐφ’]
1015 3677 1065 3713 scr.
1087 3654 1141 3714 ἔάν

125 3724 641 3818 άφ’.1’λ.ἔκβάλονταιΡ.22
661 3724 786 3799 αὐξήσας
804 3732 863 3800 (ας
881 3730 1033 3799 comp..)P
1094 3736 1141 3785 20.

124 3799 241 3873 τούτου]
257 3819 306 3854 τοο
326 3818 382 3871 seq.
402 3801 503 3856 lacuna
520 3800 684 3871 pergameni
702 3800 732 3856 Ρ
