2424 4320
142 493 210 558 460
300 493 457 547 nouom
475 493 515 546 IN
531 490 808 545 ELEMENTORUM
825 490 963 544 LIBRUM
976 491 1010 543 X.

143 633 227 719 πρὸς
243 634 281 703 τὸ
299 631 365 703 ὐιτὸ
385 632 506 719 ταύτης
522 633 579 701 ιιαί
599 642 657 719 τῆς
670 635 789 719 λοιπῆς
803 612 1032 718 ὀρθογῶνιον·
1055 627 1158 718 ὔμφιο

143 739 208 829 γὰρ
217 739 546 829 παραλληλόγραμμα
559 740 616 808 καὶ
629 737 803 825 ἰσογώνια,
816 738 873 805 καὶ
887 735 906 807 6
919 741 989 806 τῶν
1000 741 1159 825 πλευρῶν

143 849 244 934 λόγος
267 849 508 934 συντιθέμενος
530 845 622 934 μένει
646 844 665 913 6
689 843 790 925 αὐτὸς
816 854 861 937 τῷ
884 846 918 926 ἐξ
940 841 1046 974 ἀργῆς
1067 845 1159 936 λόγω

144 952 200 1021 διὰ
228 952 266 1021 τὸ
295 955 353 1022 έτί
377 979 413 1022 τε
440 957 502 1022 τοῦ
528 951 741 1040 τετραγώνου
770 955 933 1039 εἰλῆφθαι
959 949 1023 1038 τὴν
1050 948 1160 1037 αὐτὴν

109 1088 125 1137 5
143 1058 292 1148 ιτλευρίιν
307 1059 360 1140 δίς
377 1060 433 1127 καὶ
451 1059 505 1127 έτιλ
522 1062 591 1127 τῶν
610 1055 847 1189 ὀρθογωνίων
853 1055 939 1139 απαξ
956 1055 1020 1143 τὴν
1038 1053 1159 1144 αὐτήν,

144 1161 219 1235 οἷον
252 1170 402 1234 ἔστωσαν
434 1164 498 1234 δύο
531 1163 707 1234 εὐθεῖαι
687 1192 711 1252 η
739 1172 771 1232 A
803 1162 920 1252 πήχων
946 1166 968 1231 6
995 1161 1097 1231 ιιαλ
1078 1190 1100 1251 η
1129 1168 1158 1231 Β

142 1297 276 1360 πηχεων
299 1279 329 1360 6
373 1271 413 1340 τὸ
442 1270 508 1341 ἀπὸ
537 1275 596 1360 τῆς
618 1282 650 1340 A
677 1270 888 1357 τετράγωνον
911 1264 1136 1356 ίσογῶνιον“
1117 1295 1159 1337 ον

143 1382 190 1471 τῷ
214 1376 280 1447 ὑπὸ
303 1382 371 1446 τῶν
389 1385 433 1463 A,
452 1384 481 1445 Β
504 1375 840 1468 παραλληλογραμμω
864 1374 967 1462 λόγον
991 1381 1056 1463 ἔχει
1075 1374 1160 1462 πρὸς

143 1487 251 1554 ἐκεῖνο
275 1485 337 1553 τὸν
360 1489 580 1571 συγκείμενον
608 1486 644 1552 ἐκ
670 1493 739 1550 τῶν
762 1485 926 1569 πλευρῶν.
972 1480 991 1550 ὁ
1020 1482 1058 1550 66
1080 1500 1159 1568 συγ

92 1619 125 1673 10
143 1597 295 1677 κείμενος
323 1592 359 1658 ἰιι
385 1595 456 1660 τῶν
482 1590 595 1677 λόγων
619 1593 689 1658 τῶν
712 1576 734 1657 6
755 1587 866 1718 πρὸς
863 1576 885 1657 6
906 1590 963 1657 καὶ
986 1576 1007 1656 6
1030 1586 1160 1679 τρὸςβ

142 1698 245 1784 λόγος
267 1695 397 1765 ἐστὶν
382 1725 400 1766 ο
427 1694 503 1779 ἐξ’
483 1698 588 1789 αρχῆς
607 1699 671 1764 τοῦ
694 1682 715 1762 6
737 1695 822 1782 προς
844 1702 874 1783 6

210 1801 263 1871 ὅτι
285 1800 326 1870 τὰ
350 1805 511 1888 ἰσογῶνια
533 1800 865 1889 παραλληλόγραμμα
888 1802 995 1890 λόγον
1014 1807 1080 1890 ἔχει
1097 1799 1160 1871 τὸν

143 1914 363 1995 συγκείμενον
387 1911 423 1976 έιι
445 1911 514 1977 τῶν
533 1910 688 1991 πλευρῶν
711 1908 765 1994 κγ’
789 1912 851 1977 τοῦ
876 1908 917 1987 ς’.

210 2017 262 2082 86.
296 2010 384 2082 Ἐπεί
412 2013 476 2100 γάρ
504 2016 610 2098 ἐστιν,
644 2010 689 2093 ῶς
715 2012 755 2081 τὸ
784 2012 850 2083 ἀπὸ
874 2019 932 2101 τῆς
954 2021 984 2082 Α
1011 2012 1098 2101 πρὸς
1119 2011 1159 2082 τὸ

91 2146 124 2194 15
142 2116 208 2188 ὑπὸ
230 2123 299 2188 τῶν
322 2129 364 2205 A,
382 2126 423 2205 Β,
447 2121 555 2201 οὕτως
577 2118 599 2206 ἡ
618 2131 650 2189 A
673 2119 757 2207 πρὸς
779 2124 842 2208 τὴν
861 2128 900 2205 Β,
924 2119 998 2189 ἀλλ’
1020 2117 1065 2201 ὥς
1084 2117 1106 2208 ἡ
1125 2129 1158 2188 A

142 2223 226 2314 πρὸς
247 2225 309 2315 τὴν
332 2233 378 2313 Β,
412 2225 518 2308 οὕτως
543 2224 582 2296 τὸ
609 2225 675 2295 ὑπὸ
703 2231 773 2296 τῶν
795 2236 843 2312 A,
867 2236 895 2296 Β
922 2226 1007 2313 πρὸς
1028 2226 1067 2296 τὸ
1090 2226 1158 2296 ἀπὸ

142 2336 204 2420 τῆς
227 2339 272 2419 Β,
299 2334 355 2401 καὶ
378 2332 424 2414 ῶς
446 2332 512 2420 ἄρα
535 2332 574 2402 τὸ
598 2331 664 2402 ιῖτιὸ
688 2337 748 2420 τῆς
769 2341 802 2400 A
829 2333 912 2421 πρὸς
937 2333 976 2403 τὸ
1000 2331 1067 2402 ὑπὸ
1090 2338 1160 2404 τῶν

142 2449 185 2523 A,
208 2446 254 2524 Β,
283 2438 389 2520 οὕτως
411 2439 449 2509 τὸ
474 2437 540 2508 ὑπὸ
565 2444 634 2507 τῶν
657 2447 705 2525 A,
728 2446 757 2507 Β
783 2439 868 2527 πρὸς
888 2438 926 2508 τὸ
951 2438 1017 2508 ἀπὸ
1039 2445 1100 2528 τῆς
1122 2447 1160 2510 Β.

144 2549 179 2615 οί
200 2544 332 2638 γὰρτῷ
356 2543 446 2638 αὐτῷ
470 2546 569 2632 λόγοι
594 2550 630 2613 oc
650 2545 745 2614 αὐτοὶ
768 2547 823 2615 καί
842 2545 999 2634 ἀλλήλοις
1018 2548 1104 2615 είσίν
1128 2549 1164 2615 οἰ

89 2678 124 2726 20
144 2649 248 2720 αὐτοί.

528 2743 585 2808 Ad
608 2765 711 2829 prop.
733 2743 773 2810 X.

211 2867 263 2931 87.
300 2863 593 2951 Προγραφόμενον
617 2869 664 2944 εἰς
688 2865 725 2933 τὸ
750 2864 775 2932 ι’
799 2864 970 2952 θεῶρημα.

211 2969 274 3036 660
307 2974 482 3038 δοθέντων
515 2971 674 3057 ἀριθμῶν
701 2972 757 3038 καί
785 2968 920 3051 εὐθείας
947 2975 1086 3058 ποιῆσαι
1115 2969 1160 3053 ῶς

142 3101 204 3142 τον
228 3072 378 3161 ἀριθμὸν
404 3074 488 3160 πρὸς
513 3074 575 3144 τὸν
603 3073 769 3164 ἀριθμόν,
803 3077 910 3157 οὕτως
936 3078 974 3147 τὸ
1005 3075 1071 3148 ἀπὸ
1100 3084 1160 3166 τῆς

89 3207 124 3256 25
143 3178 279 3260 εὐθείας
300 3181 511 3268 τετράγωνον
534 3180 617 3268 πρὸς
635 3181 674 3250 τὸ
693 3181 751 3250 ἀπ’
772 3181 874 3270 ἄλλης
892 3180 1028 3264 εὐθείας
1045 3184 1157 3273 τετρά-

142 3288 264 3371 γῶνον.
298 3292 447 3355 ἔστωσαν
466 3291 501 3356 οί
516 3287 579 3375 μὲν
598 3290 758 3369 δοθέντες
772 3288 835 3357 δύο
854 3286 996 3376 ἀριθμοὶ
1012 3295 1048 3358 οί
1059 3302 1103 3377 A,
1118 3299 1158 3379 Β,

214 3470 258 3521 86.
278 3466 349 3534 V⁸.q
422 3465 1157 3537 ⁸⁷.1>1²Vat.voqu(ssouan)elezaa'FVat.

215 3634 239 3682 4.
265 3624 418 3714 εἰλῆφθαι]
441 3624 553 3696 scripsi,
559 3628 704 3714 amr.
796 3632 821 3681 7.
844 3626 894 3712 τῆς
911 3627 947 3698 A]
971 3625 1084 3698 scripsi,
1106 3631 1159 3684 τοῦ

142 3698 208 3753 Ar.
282 3703 326 3754 17.
346 3692 402 3751 ὑπὸ
422 3697 479 3751 τῶν
497 3692 568 3767 A]'
551 3693 609 3751 ατιό
617 3698 721 3783 τῆςο.
797 3702 838 3752 18.
857 3692 911 3785 τό]
923 3714 976 3752 om.
997 3716 1023 3768 q.
1087 3695 1158 3772 νιτό]

141 3765 201 3893 ῗίἰ
218 3788 267 3893 6
323 3764 564 3909 76666.
593 3765 679 3894 ²⁰⁷6
691 3763 1044 3910 61562‘1667225‘V
1113 3778 1158 3827 ²³
