2414 4236
129 523 194 587 102
280 523 438 576 scfloffl
454 524 494 575 m
511 522 786 576 mmmm
803 522 944 575 mmm
956 522 981 575 1.

128 665 167 734 όλ
181 662 376 751 ὀρθογώνια
389 663 463 751 μέν,
484 659 546 731 οὐκ
560 662 743 747 ἰσόπλευρα
756 663 805 749 όέ,
826 662 872 744 ὥς
888 660 929 731 τά
948 661 1144 753 έτερομήκη,

126 770 167 840 τὰ
183 772 220 838 δὲ
230 776 371 859 ἔμπαλιν
386 769 568 858 ἰσόπλευρα
581 771 654 857 μέν,
668 768 732 838 οὐκ
740 766 937 857 όρθογῶνια
947 771 995 856 όέ,
1009 767 1054 849 ὥς
1062 768 1146 849 τοὺς

129 877 286 966 ὁόμβους.
313 870 335 963 ἦ
349 874 413 965 γὰρ
427 874 600 964 ἀμφότερα
614 880 702 963 ἔχειν
719 873 905 962 ἀναγκαίου
921 873 986 963 τὴν
1005 877 1144 964 ίσότητα

127 987 195 1054 τῶν
208 987 363 1071 πλευρῶν
377 983 433 1050 καί
446 981 509 1070 τήν
518 979 688 1069 ὀρθότητα
701 991 769 1050 τῶν
782 977 948 1070 γωνιῶυή
961 980 1144 1067 οῶόέτερον

92 1086 149 1177 σή
173 1089 210 1158 τὸ
235 1090 361 1176 ἕτερον,
384 1088 440 1157 καὶ
462 1092 562 1158 τοῦτο
582 1091 694 1176 όιχῶς,
718 1086 764 1169 ῶς
780 1092 944 1177 τετραχῶς
961 1087 1144 1175 ὑφίσταται

127 1195 165 1266 τὸ
189 1194 548 1283 παραλληλόγραμμον.
579 1198 647 1264 τῶν
666 1194 704 1264 d}
721 1193 767 1282 μή
785 1196 1143 1285 παραλληλογράμμων

125 1302 166 1373 τὰ
194 1302 256 1389 μὲν
285 1302 349 1371 δύο
377 1301 487 1389 μόνον
515 1307 580 1388 ἔχει
607 1300 856 1389 παραλλήλους,
883 1300 994 1371 οίικέτι
1022 1300 1060 1371 όλ
1083 1302 1141 1370 καλ

125 1408 184 1490 τὰς
206 1408 334 1494 λοιπάς,
359 1406 399 1476 τὰ
423 1406 455 1476 δ’
482 1405 557 1476 οὐδ’
583 1404 669 1488 ὅλως
692 1413 758 1496 ἔχει
780 1406 849 1477 τῶν
870 1411 1026 1497 πλευρῶν
1047 1434 1142 1489 τινας

126 1515 372 1604 παραλλήλους·
412 1512 469 1582 καὶ
499 1511 539 1582 τὰ
570 1512 633 1601 μέν
661 1523 810 1584 καλεῖται
836 1516 1006 1604 τραπέζια,
1037 1514 1079 1584 τὰ
1102 1514 1142 1585 όλ

72 1641 107 1691 ιο
124 1625 349 1710 τραπεζοειδῆ.
387 1623 458 1689 τῶν
481 1618 519 1689 δέ
540 1626 724 1708 τραπεζίου
746 1619 787 1689 τὰ
810 1620 873 1709 μέν
895 1630 970 1702 ίσας
992 1627 1059 1709 ἔχει
1080 1619 1143 1703 τάς

126 1730 359 1808 συναπτούσας
381 1725 615 1815 παραλλήλους
636 1727 768 1813 ταύτας,
790 1725 831 1797 τὰ
855 1726 893 1796 όέ
911 1728 1061 1814 άνίσους,
1082 1729 1140 1797 καὶ

125 1843 273 1904 καλεῖται
300 1833 341 1901 τὰ
369 1832 432 1921 μὲν
460 1837 615 1921 ίσοσκελή
645 1836 816 1920 τραπέζια,
847 1832 889 1902 τὰ
921 1834 960 1903 όὲ
988 1832 1140 1922 σκαληνὰ

125 1942 289 2028 τραπέζια.
341 1938 379 2009 τὸ
407 1937 473 2027 άρα
500 1938 747 2029 τετράπλευρον
775 1941 921 2028 ἕπταχῶς
947 1937 1030 2027 ήμίν
1060 1939 1140 2009 ὑπο·

124 2047 293 2135 στήσεται·
307 2046 345 2115 τὸ
359 2044 422 2134 μὲν
435 2044 500 2133 γάρ
515 2048 584 2116 έστι
596 2045 818 2134 τετράγωνον,
832 2046 870 2116 τὸ
887 2046 923 2114 d}
934 2046 1140 2134 ἑτερόμηκες,

72 2170 105 2220 16
124 2153 161 2223 τὸ
197 2153 233 2221 δὲ
266 2152 406 2240 ῥόμβος,
439 2150 476 2221 τὸ
512 2152 549 2220 δὲ
581 2155 791 2239 ῥομβοειόές,
822 2151 860 2220 τὸ
894 2153 931 2221 όλ
963 2155 1140 2239 τραπέζιον

124 2262 305 2344 ἰσοσκελές,
337 2258 375 2327 τὸ
410 2259 447 2327 όέ
480 2257 649 2346 σκαληνὸν
679 2260 869 2345 τραπέζιον,
901 2257 938 2327 τό
964 2258 1001 2327 δέ
1023 2285 1141 2346 τραπε-

125 2370 254 2450 ζοειόές.
301 2363 375 2434 ἀλλ’
402 2363 420 2435 ὁ
449 2366 511 2453 μὲν
540 2365 772 2445 Ποσειδώνιος
799 2372 928 2434 τελείαν
956 2371 1003 2446 είς
1033 2371 1141 2435 ταῦτα

123 2480 298 2559 πεποίηται
320 2471 382 2558 τήν
402 2476 470 2541 τῶν
488 2471 741 2559 τετραπλεύρων
760 2471 1013 2560 εὐθυγράμμων
1030 2472 1140 2561 τομήν

123 2579 203 2648 ἑπτὰ
226 2580 282 2647 καὶ
304 2577 435 2645 τούτων
457 2576 497 2645 τὰ
522 2583 595 2665 είόη
616 2580 771 2665 θέμενος,
795 2576 904 2664 ῶσπερ
930 2579 971 2666 δή
995 2579 1051 2646 καὶ
1069 2583 1140 2648 τῶν

69 2702 104 2752 20
122 2686 305 2773 τριγῶυωυ.
343 2682 361 2752 ὁ
387 2683 424 2751 δὲ
447 2683 632 2771 Εὐκλείδης
656 2689 703 2764 είς
725 2684 787 2771 μὲν
808 2685 1140 2773 παραλληλόγραμμα

122 2791 246 2878 καὶμὴ
269 2790 602 2879 παραλληλόγραμμα
626 2795 770 2877 διαιρεῖν
798 2788 861 2859 οὐκ
882 2789 1032 2878 ήόύνατο
1056 2794 1139 2879 μήτε

122 2899 198 2984 περὶ
225 2908 292 2966 τῶν
324 2897 549 2983 παραλλήλων
581 2896 686 2966 είπῶν
717 2896 797 2984 μήτε
829 2897 905 2984 περὶ
937 2897 1043 2966 αὐτοῦ
1075 2904 1139 2967 τοῦ

123 3004 475 3092 παραλληλογράμμου
507 3002 645 3085 όιόάξας
680 3001 775 3090 ἡμᾶς.
829 3002 869 3070 τὰ
907 3005 945 3071 δὲ
980 3007 1140 3090 τραπέζια

125 3110 234 3178 πάντα
257 3112 314 3178 καὶ
337 3110 377 3178 τά
401 3112 615 3196 τραπεζοειδῆ
636 3114 739 3202 κοινῷ
759 3116 979 3197 προσείρηκεν
998 3107 1143 3198 ὀνόματι

69 3232 103 3282 25
124 3219 278 3304 τραπέζια
301 3215 519 3303 περιγράφων
538 3213 622 3281 αὐτὰ
640 3218 709 3283 τῶν
726 3214 893 3301 τεττάρων
913 3218 1062 3301 ἐκείνων,
1086 3209 1140 3297 οἷς

124 3323 326 3410 έπαληθεύει
353 3321 391 3390 τὸ
418 3324 486 3388 τῶν
510 3321 866 3409 παραλληλογράμμων
890 3326 990 3391 ίόιον.
1034 3326 1136 3391 τοῦτο

124 3427 156 3498 δ’
173 3430 243 3498 ἐστὶ
261 3429 298 3497 τό
318 3427 377 3508 τὰς
395 3424 599 3495 ἀπεναντίον
621 3428 765 3515 πλευράς
786 3454 821 3497 τε
844 3429 900 3495 καὶ
918 3434 1044 3516 γωνίας
1062 3436 1139 3508 ίσας

124 3540 227 3623 ἔχειν·
263 3536 319 3602 καλ
342 3531 406 3620 γάρ
429 3533 467 3602 τὸ
490 3532 703 3620 τετράγωνον
725 3535 781 3602 καλ
803 3533 840 3603 τὸ
865 3534 1057 3622 ἑτερόμηκες
1080 3535 1138 3601 καὶ

124 3639 143 3708 ὁ
168 3640 294 3728 ῥόμβος
316 3646 382 3727 ἔχει
404 3639 463 3720 τὰς
485 3638 688 3709 ἀπεναντίον
710 3639 855 3728 πλευράς
875 3667 910 3709 τε
932 3642 987 3709 καὶ
1010 3647 1139 3727 γωνίας

122 3796 336 3805 -συ--ι-

183 3878 207 3924 9.
230 3870 286 3944 δέ]
302 3890 390 3945 supra
408 3891 460 3930 scr.
536 3877 579 3928 22.
599 3871 663 3943 περλ
680 3871 757 3944 τῶν]
775 3872 920 3938 ἐριττῶν.
992 3872 1060 3943 τοῦ]
1081 3888 1138 3928 om.
