2414 4236
140 474 208 540 210
295 473 454 528 scnom
470 476 511 528 m
528 472 805 528 ammom(
820 474 996 530 mmm

141 620 260 684 δεῖται·
286 613 324 684 τὸ
345 614 383 683 δὲ
411 611 605 705 ἀναγράψαι
622 618 689 704 ἔφη
707 612 839 697 ώςιάπδ
857 616 937 703 μιᾶς
953 610 1059 703 ἀρχῆς
1074 608 1157 683 ἀπο-

140 720 358 811 γεννώμενον
379 723 436 790 καί
458 720 660 812 ἀναγραφῆς
680 720 846 809 δεόμενον
868 720 983 809 μάνης.

209 832 282 897 145.
325 837 443 897 Δεϊται
475 828 538 917 μὲν
569 832 631 897 τοῦ
663 826 899 916 προβλήματος
928 824 1053 897 τούτου
1082 830 1157 895 δια-

141 934 313 1023 φερόντως
336 939 383 1015 εἰς
405 933 468 1022 τὴν
486 938 549 1004 τοῦ
568 935 686 1023 ἐφεξῆς
703 932 923 1023 θεωρήματος
939 930 1158 1019 κατασκευήν,

105 1066 122 1114 ο
141 1046 251 1110 ἔοικεν
274 1040 312 1109 δὲ
335 1045 403 1110 τών
427 1039 492 1110 δύο
515 1040 662 1127 γενέσεις
680 1041 840 1129 ἐθελῆσαι
857 1041 1070 1128 παραδοῦναι
1087 1040 1158 1107 τών

141 1149 179 1217 ἐν
215 1145 446 1239 εὐθυγράμμῳ
482 1145 630 1235 ἀρίστων
667 1145 871 1234 ἰσοπλεύρου
901 1144 1071 1233 τριγώνου
1100 1144 1158 1213 καί

140 1253 368 1341 τετραγώνου,
406 1251 493 1322 διότι
526 1251 569 1339 δὴ
601 1252 658 1321 καί
689 1252 774 1340 πρὸς
804 1250 867 1340 τὴν
899 1249 1062 1321 σύστασιν
1087 1259 1158 1320 τών

141 1364 313 1448 κοσμικών
342 1358 522 1448 σχημάτων
549 1359 606 1427 καί
632 1358 776 1446 μάλιστα
802 1362 872 1429 τών
898 1356 1081 1446 τεττάρων,
1107 1346 1159 1425 ών

141 1468 197 1535 καί
211 1469 342 1553 γένεσίς
355 1468 425 1535 ἐστι
442 1466 499 1534 καί
517 1464 693 1552 ἀνάλυσις,
711 1464 843 1535 τούτων
860 1470 956 1554 χρεία
971 1474 1043 1535 τάν
1055 1461 1160 1533 εὐθυ·

90 1597 124 1645 10
141 1575 315 1661 γράμμων.
356 1570 395 1641 τὸ
420 1571 481 1659 μὲν
504 1569 569 1660 γὰρ
593 1570 812 1661 εἰκοσάεδρον
833 1573 890 1641 καί
912 1569 950 1641 τὸ
974 1568 1160 1658 ὀκτάεδρον

142 1681 198 1748 καί
215 1676 236 1766 ἡ
256 1678 403 1766 πυραμίς
420 1679 457 1746 ἐκ
474 1680 544 1748 τών
558 1676 768 1764 ἰσοπλεύρων
783 1675 954 1764 σύγκειται
971 1676 1160 1765 τριγώνων,

144 1782 162 1853 ὁ
188 1784 226 1853 δὲ
247 1783 352 1870 κύβος
375 1786 410 1853 ἐκ
432 1794 502 1853 τῶν
524 1782 754 1870 τετραγώνων.
800 1782 855 1852 διό
877 1808 935 1870 μοι
962 1787 1059 1853 δοκεῖ
1080 1806 1160 1869 προ·

144 1890 341 1976 ηγουμένως
367 1888 406 1958 τὸ
436 1888 499 1976 μὲν
530 1889 780 1977 συστήσασθαι,
812 1886 850 1958 τὸ
883 1889 921 1959 δὲ
952 1886 1161 1979 ἀναγράψαι·

144 1997 314 2081 πρέποντα
341 1991 406 2080 γὰρ
430 1993 473 2081 δὴ
496 2000 600 2064 ταῦτα
627 1994 668 2064 τά
698 1993 848 2083 ὀνόματα
876 1993 1019 2085 ἀνεῦρεν
1047 1999 1161 2064 τοίσδε

92 2124 124 2173 15
144 2115 215 2181 τοῖς
238 2099 390 2188 σχήμασι.
435 2099 474 2170 τὸ
497 2101 558 2188 μὲν
582 2100 648 2188 γάρ
672 2099 718 2181 ώς
740 2103 776 2170 ἐκ
798 2106 934 2170 πολλών
958 2099 1161 2188 συγκροτού-

144 2233 248 2292 μενον
272 2206 462 2287 συστάσεως
484 2211 608 2293 δεῖται,
631 2205 668 2276 τὸ
694 2209 732 2275 δὲ
756 2205 801 2289 ώς
824 2206 888 2276 ἀπὸ
914 2212 991 2294 μιᾶς
1014 2212 1162 2292 πλευρᾶς

144 2312 427 2401 άπογεννώμενον
450 2312 657 2401 ἀναγραφῆς.
695 2312 737 2382 οὐ
759 2315 837 2400 γάρ,
861 2312 972 2402 ὥσπερ
991 2312 1029 2381 τὸ
1048 2313 1162 2401 τετρά-

144 2446 256 2504 γωνον
285 2424 405 2508 ἔχομεν
435 2419 787 2501 πολλαπλασιάσαντες
819 2420 879 2489 τὸν
910 2424 970 2508 τῆς
1002 2424 1162 2505 δοθείσης

145 2524 280 2605 εὐθείας
303 2523 452 2612 ἀριθμὸν
476 2524 530 2612 ἐφ’
552 2525 684 2611 ἑαυτόν,
709 2524 832 2594 οὐτωσί
850 2529 906 2595 καί
924 2525 962 2595 τὸ
980 2533 1161 2613 τρίγωνον,

91 2654 126 2703 20
145 2629 337 2717 ἀλλαχόθεν
370 2633 593 2713 ἐπιζεύξαντες
625 2632 678 2699 ἐπὶ
710 2631 750 2700 τὰ
783 2634 908 2721 πέρατα
940 2638 998 2719 τῆς
1025 2632 1163 2713 εὐθείας

146 2740 397 2822 συγκροτούμεν
420 2737 455 2803 ἐκ
476 2736 606 2805 τούτων
626 2740 663 2804 ἓν
683 2736 884 2824 ἰσόπλευρον
903 2745 1081 2827 τρίγωνον,
1104 2741 1162 2808 καί

146 2839 166 2928 ἡ
192 2846 258 2910 τών
281 2841 414 2910 κύκλων
437 2842 633 2930 καταγραφὴ
656 2852 810 2913 συντελεῖ
835 2844 920 2931 πρὸς
940 2844 978 2914 τὸ
1004 2844 1163 2934 ἀνευρεῖν

146 2948 254 3016 ίκελνο
272 2946 310 3015 τὸ
327 2961 478 3035 σημεῖον,
496 2945 557 3036 ἀφ’
575 2940 617 3017 οὐ
632 2952 686 3018 δεῖ
697 2949 756 3030 τὰς
770 2949 907 3031 εὐθείας
921 2956 968 3030 εἰς
981 2951 1022 3020 τά
1036 2955 1163 3041 πέρατα

146 3061 205 3142 τῆς
218 3056 408 3142 ἐκκειμένης
426 3053 561 3135 εὐθείας
576 3058 748 3138 ἐπιζεῦξαι.
779 3062 883 3126 ταῦτα
902 3058 963 3144 μὲν
983 3053 1047 3127 οὐν
1062 3064 1163 3147 δῆλα·

92 3183 128 3233 25
147 3163 297 3231 δεικτέον
320 3159 395 3229 ἀντί
413 3165 481 3229 τῶν
500 3160 646 3230 εὐθειῶν
666 3171 762 3249 ἰσων,
784 3162 844 3250 ἀφ’
862 3154 912 3233 ών
930 3164 1163 3254 ἀναγράφεται

146 3267 186 3337 τὰ
209 3266 490 3354 τετράγωνα,καί
513 3266 598 3337 αὐτὰ
622 3277 679 3337 ἰσα
702 3273 801 3338 ἐστίν.

218 3378 288 3443 146.
316 3370 456 3461 Ὁμοίως
472 3375 529 3442 καί
548 3373 606 3444 ἐάν
626 3372 691 3443 ἀπὸ
712 3383 796 3443 ἰσων
811 3374 956 3445 εὐθειῶν
969 3380 1162 3467 τετράγωνα

147 3479 402 3567 άναγραφῶσιν,
427 3487 483 3547 ἰσα
506 3484 649 3549 ἔσονται.
687 3487 835 3550 ἔστωσαν
858 3481 922 3569 γάρ
942 3491 1011 3551 ἰσαι
1030 3488 1068 3551 αἰ
1085 3493 1163 3571 ΑΒ,

221 3590 360 3678 1ιοῖ
405 3627 462 3678 146.
482 3620 529 3677 ν’.

220 3751 243 3799 6.
264 3714 477 3817 εὐθυγράμμων
496 3746 527 3801 Ρ.
606 3753 649 3801 14,
667 3746 717 3819 δή]
736 3749 786 3803 δεῖ
799 3746 830 3805 Ρ.
904 3755 946 3805 22.
966 3753 1110 3806 συντελεῖν
1131 3751 1161 3804 Ρ.

65 3836 143 3991 Ἰ
183 3822 227 3873 25.
246 3811 325 3889 ἀντί]
343 3816 383 3873 uic
397 3818 484 3874 etiam
498 3817 579 3875 codd.
594 3817 669 3888 apud
683 3818 814 3874 Proclum
828 3837 855 3890 p.
865 3824 927 3889 424,
940 3827 967 3888 λς
987 3839 1040 3880 uer.
1054 3810 1093 3877 αὐ
1108 3817 1162 3878 ὅτι.
