2414 4236
219 481 376 533 SCHOLIA
394 483 433 534 IN
450 483 724 535 ELEMENTOBUM
741 485 880 536 LIBRUM
893 486 926 537 X.
1015 485 1082 549 415

67 630 155 690 αἴτια
174 622 230 688 καὶ
249 617 411 709 ἀρχηγικά
426 623 482 690 καὶ
496 620 584 691 ὑπλᾶ
599 624 864 710 ἐπισκέπτεσθαι,
888 622 930 693 οὑ
944 624 984 694 τά
998 626 1077 694 καθ’

65 730 186 797 ἕκαστα
203 728 260 796 καί
278 726 408 813 ἀπειρα.
445 731 610 797 ἐκτίθεται
630 727 663 796 δ’
680 720 743 798 οὑν
757 734 826 798 τῶν
844 728 977 816 ἀλόγων
991 728 1079 801 άπλά

65 840 139 923 είδη
167 841 203 924 ἦ
230 832 412 922 εὑρεθέντα
439 831 522 903 κατὰ
549 832 696 921 τρόπους
724 848 827 921 τρεῖς,
859 834 940 923 παρ’
966 833 988 904 ἀ
1018 836 1079 926 οὐχ

65 940 284 1029 εὑρεθήσεται
307 939 392 1010 ἀλλα
414 939 511 1011 άπλά.
557 941 622 1009 εἰσὶ
646 941 686 1010 δὲ
710 945 745 1010 οἱ
764 941 883 1028 τρόποι
906 940 978 1012 ὅτε
996 944 1079 1013 κατὰ

64 1047 261 1135 ἀναλογίαν,
286 1045 331 1116 δι’
349 1039 390 1117 οὑ
409 1054 490 1136 μίαν
509 1046 666 1135 εὑρίσκει,
689 1049 745 1117 καί
764 1045 783 1118 ὁ
801 1048 883 1118 κατά
901 1049 1078 1138 σύνθεσιν,
1115 1079 1132 1129 5

64 1152 110 1222 δι’
132 1147 174 1226 οὑ
197 1157 242 1240 ἕξ,
265 1155 321 1223 καί
345 1152 362 1224 ὁ
387 1155 469 1224 κατὰ
490 1160 668 1243 διαίρεσιν,
692 1152 738 1224 δι’
762 1149 804 1225 οὑ
821 1154 882 1236 τάς
900 1156 1018 1238 λοιπάς
1037 1159 1079 1240 ἒξ.

64 1257 174 1349 ἦλθον
198 1262 321 1351 δὲτὴν
345 1261 451 1350 ἀρχὴν
474 1262 528 1332 ἐπὶ
552 1261 615 1349 τὴν
637 1267 696 1350 τῆς
719 1268 920 1350 συμμετρίας
944 1263 1079 1352 ζήτησιν

64 1371 100 1438 οἱ
121 1368 355 1456 Πυθαγόρειοι
377 1372 504 1458 πρῶτοι
527 1365 633 1456 αὑτὴν
657 1367 848 1457 ἐξευρόντες
871 1372 907 1438 ἐκ
929 1375 989 1457 τῆς
1010 1375 1078 1439 τῶν

63 1471 222 1562 ἀριθμῶν
253 1474 492 1561 κατανοήσευς.
542 1478 662 1544 κοινοῦ
693 1473 758 1563 γάρ
791 1473 950 1545 ἁπάντων
982 1475 1079 1558 όντος

64 1583 188 1669 μέτρου
201 1584 260 1667 τῆς
273 1579 422 1667 μονάδος
435 1581 491 1650 καί
505 1582 640 1650 ἐπὶτῶν
655 1592 810 1668 μεγεθῶν
824 1581 941 1652 κοινὸν
955 1583 1079 1671 μέτρον
1098 1610 1131 1658 ιο

63 1687 179 1777 εὑρεῖν
203 1685 265 1756 οὑκ
286 1687 520 1776 ἠδυνήθησαν.
557 1697 666 1757 αἴτιον
690 1689 728 1758 δὲ
750 1686 788 1758 τὸ
811 1688 919 1757 πάντα
942 1689 1004 1776 μὲν
1022 1690 1078 1757 καὶ

64 1793 249 1865 ὁποιονοῦν
263 1792 415 1882 ἀριθμὸν
426 1791 506 1863 καθ’
520 1793 706 1864 ὁποιασοῦν
720 1795 823 1883 τομάς
837 1796 1078 1884 διαιρούμενον

63 1901 187 1988 μόριόν
214 1928 246 1968 τι
272 1900 534 1988 καταλιμπάνειν
557 1900 733 1989 ἐλάχιστον
759 1904 816 1971 καὶ
838 1907 942 1992 τομῆς
966 1901 1078 1972 ἀνεπί·

65 2013 195 2093 δεκτου,
218 2011 287 2075 πᾶν
311 2007 348 2076 δὲ
370 2008 513 2096 μέγεθος
536 2006 586 2076 ἐπ’
607 2006 748 2096 άπειρον
772 2010 1013 2097 διαιρούμενον
1032 2008 1077 2097 μὴ

63 2111 327 2200 καταλιμπάνειν
345 2113 477 2203 μόριον,
500 2111 520 2184 ὃ
540 2113 597 2182 διὰ
614 2115 653 2184 τὸ
672 2112 759 2184 εἶναι
777 2116 952 2202 ἐλάχιστον
969 2114 1076 2203 τομὴν
1098 2141 1132 2191 ιε

64 2218 127 2289 οὐκ
146 2220 339 2306 ἐπιδέξεται,
357 2216 511 2290 ἀλλὰκαὶ
525 2224 633 2291 ἐκεῖνο
648 2220 699 2289 ἐπ’
716 2219 858 2309 ἀπειρον
871 2222 1078 2309 τεμνόμενον

62 2339 174 2395 ποιεῖν
184 2323 304 2416 ἀπειρα
313 2325 426 2417 μόρια,
441 2319 490 2398 οὑν
500 2329 641 2397 ἕκαστον
652 2325 703 2396 ἐπ’
711 2325 851 2416 ἄπειρον
860 2326 1077 2415 τμηθήσεται,

61 2432 118 2501 καὶ
144 2429 256 2513 ἁπλοῖς
282 2431 320 2502 τὸ
348 2432 411 2520 μὲν
437 2434 580 2520 μέγεθος
611 2432 694 2500 κατὰ
724 2432 785 2520 μὲν
816 2430 855 2502 τὸ
884 2439 1077 2520 μερίζεσθαι

63 2540 212 2627 μετέχειν
229 2544 288 2626 τῆς
309 2543 371 2608 τοὺ
393 2537 536 2628 ἀπείρου
557 2538 672 2628 ἀρχῆς,
695 2539 779 2608 κατά
798 2540 837 2609 δὲ
854 2538 917 2628 τὴν
936 2537 1077 2627 ὁλότητα

61 2649 121 2733 τῆς
149 2650 210 2714 τοὺ
238 2648 393 2733 πέρατος,
422 2644 483 2715 τὸν
511 2646 548 2715 44
577 2644 730 2734 ἀριθμὸν
756 2643 839 2715 κατὰ
867 2645 929 2733 μὲν
957 2643 995 2715 τὸ
1023 2672 1077 2733 με·
1096 2671 1131 2720 20

64 2758 216 2841 ρίζεσθαι
238 2756 297 2839 τῆς
318 2757 380 2821 τοῦ
405 2754 561 2838 πέρατος,
591 2752 676 2821 κατά
706 2750 832 2840 δὲτὴν
856 2748 998 2837 όλότητα
1019 2755 1078 2838 τῆς

62 2863 124 2928 τοῦ
152 2858 300 2945 ἀπείρου.
346 2860 416 2927 ἐπεὶ
445 2850 508 2927 οὑν
539 2857 580 2926 τά
607 2860 711 2947 μέτρα
744 2862 811 2927 τῶν
843 2859 1078 2945 μετρουμένων

63 2965 224 3034 ἐλάττονα
252 2962 339 3033 εἶναι
366 2965 541 3053 προσήκει,
575 2978 741 3054 μετρεῖται
769 2965 807 3034 δὲ
835 2967 898 3044 πᾶς
920 2962 1078 3052 ἀρνθμός,

62 3069 192 3160 ἀνάγκη
215 3071 351 3141 πάντων
375 3070 513 3140 ἔλαττόν
536 3098 568 3140 τι
587 3069 675 3140 εἶναι
694 3070 731 3140 τὸ
751 3073 882 3159 μέτρον.
920 3067 1078 3139 ὥστεκαὶ

61 3182 131 3248 τοῖν
150 3183 315 3266 μεγεθῶν,
334 3182 366 3246 εί
382 3177 492 3246 πάντα
506 3191 672 3264 μετρεῖται
685 3180 788 3268 κοινῷ
802 3177 922 3268 μέτρῳ,
946 3175 1076 3264 ἀνάγκη
1096 3199 1131 3250 κο

136 3416 159 3465 1.
182 3405 327 3479 ἀπλόςη.
396 3415 421 3463 λ.
445 3403 474 3463 δ’
495 3398 564 3480 οὑν]
589 3398 642 3463 οὑν
666 3408 832 3478 (μγοὺτΒ.
899 3413 925 3462 8.
944 3405 1076 3478 ι’γ]δέιια

61 3480 113 3535 καλ
131 3482 195 3549 τρία
213 3479 303 3536 Fvat.
311 3479 528 3571 ,δεκατρίαΒ,
546 3478 625 3534 ῖκαλ
642 3478 756 3548 τρίαΡ.
829 3472 935 3545 οὑκΡ,
955 3486 985 3533 et
1003 3479 1076 3547 Vnt„

62 3549 113 3606 ned
132 3567 202 3606 corr.
279 3558 304 3607 4.
311 3522 385 3606 ἀλλ’
405 3549 436 3607 Ρ.
520 3556 545 3606 5.
564 3547 768 3620 ουνήθιιανη.
851 3554 875 3604 8.
895 3520 1077 3676 Πὺθοιγόριοι

60 3620 155 3678 PVat.
266 3628 307 3677 1‘1.
327 3628 450 3690 ποιειη.
530 3626 572 3677 19.
628 3621 750 3692 τίχιιο
823 3625 865 3676 20.
885 3618 950 3692 μέν]
969 3618 1076 3747 μήνΡ,

98 3699 142 3748 21.
148 3641 307 3780 ffio'nna'
313 3694 370 3780 Bq,
386 3690 489 3748 πολλότ
509 3710 545 3748 τα
562 3640 681 3749 Ρῗνοῖ
736 3697 780 3748 21.
798 3692 837 3764 τῷ
853 3710 978 3762 μιτρουμ
980 3689 1076 3775 ένωη,

98 3770 147 3848 ²42
162 3760 277 3820 πάντων
309 3762 424 3820 πάντων
443 3713 524 3820 δάΡ.
605 3764 645 3835 τι]
665 3781 719 3820 om.
738 3780 765 3835 q.
855 3767 898 3820 25.
918 3745 1075 3836 κοινῷῘ”
1037 3781 1076 3817 τω

60 3835 147 3904 κοινῷ
166 3853 192 3904 q.
