2414 4236
213 475 370 527 εοΗοτΙε
389 476 426 526 m
444 475 719 556 οιειιωκτοουω
736 476 875 527 mmmm
890 477 921 527 v.
1013 473 1075 538 291

469 634 526 698 Ad
551 635 673 700 (ἰοί-’7.

130 759 182 823 28.
220 758 265 821 Εἰ
286 754 400 840 βούλει
428 765 567 842 μαθεῖν,
595 755 675 823 πότε
703 753 742 823 τά
771 760 833 825 τοῦ
861 756 996 842 πρώτον
1023 758 1078 825 καί

60 867 178 946 τρίτου
214 860 446 928 πολλαπλάσια
478 859 676 949 ὑπερέχουσι
712 871 783 931 τοῖν
819 869 1078 930 πολλαπλασίων

60 970 124 1035 τοῦ
147 965 183 1051 β’
207 967 262 1033 καί
290 966 466 1053 τετάρτου,
498 969 554 1035 καὶ
581 966 661 1036 πότε
689 967 873 1053 ἐλάσσονα,
904 957 934 1037 τι
969 967 1079 1056 παρὸν

60 1070 241 1156 ἀνάγνωθι
265 1066 414 1157 σχάλιον·
452 1073 574 1157 ἰστέον,
598 1073 664 1158 ὅτι,
688 1073 770 1143 ὅταν
793 1073 834 1143 τὰ
857 1075 1001 1162 τέσσαρα
1024 1102 1077 1162 με·
1115 1093 1130 1140 5

60 1178 148 1264 μέθη
172 1178 209 1244 έν
231 1180 278 1269 τῷ
297 1182 356 1263 τῆς
374 1177 527 1265 ἰσότητος
543 1188 722 1266 θεωρεῖται
742 1178 842 1270 λόγῳ,
865 1178 939 1249 τότε
958 1178 998 1246 τά
1017 1184 1079 1249 τοὺ

60 1286 196 1369 πριότον
218 1283 275 1350 καί
292 1289 407 1370 τρίτον
427 1284 535 1365 ἰσάκις
553 1285 785 1354 πολλαπλάσια
803 1289 872 1354 τῶν
890 1289 951 1354 τοῦ
969 1285 1004 1372 β’
1023 1287 1080 1353 καί

60 1389 222 1473 τετάρτου
255 1389 364 1469 ἰσάκις
391 1396 650 1459 πολλαπλασίων
678 1388 747 1480 ἅμα
772 1400 829 1460 ἰσα
852 1394 952 1462 ἐστίν.
999 1389 1080 1461 ὅταν

63 1496 102 1564 δὲ
122 1498 160 1564 έν
178 1501 454 1581 πολλαπλασίονι,
476 1501 508 1564 εἰ
524 1496 586 1583 μὲν
600 1497 841 1583 προτάττονται
855 1500 892 1565 οἰ
906 1500 1081 1585 πρόλογοι,

60 1599 263 1692 ὑπερέχουσι
290 1603 331 1668 τὰ
358 1607 419 1670 τοὺ
446 1602 582 1688 πρώτου
609 1604 664 1670 καὶ
687 1608 802 1689 τρίτου
830 1602 939 1682 ἰσάκις
961 1611 1080 1671 πολλα·
1094 1586 1131 1672 30

59 1706 186 1776 πλάσια
208 1711 277 1775 τῶν
300 1718 362 1776 τοῦ
386 1707 545 1795 δευτέρου
568 1708 623 1775 καί
646 1708 818 1795 τετάρτου,
841 1713 872 1777 εἰ
890 1707 927 1778 δὲ
947 1713 982 1778 οἰ
998 1707 1080 1779 ὑπό·

62 1822 161 1900 λογοι
183 1813 442 1900 προτάττονται,
469 1811 670 1903 ὑπερέχουσι
692 1813 734 1882 τὰ
756 1818 818 1884 τοῦ
842 1817 1001 1905 δευτέρον
1024 1816 1079 1883 καί

60 1919 222 2004 τετάρτου
247 1920 356 2001 ἰσάκις
377 1920 611 1988 πολλαπλάσια
628 1924 697 1990 τῶν
714 1925 775 1990 τοτ’
795 1920 830 1989 α’
849 1922 905 1989 καί
924 1921 954 2009 γ’
974 1921 1081 2002 ἰσάκις

61 2033 332 2094 πολλαπλασίων.
896 2066 898 2070 ·

470 2119 526 2183 Ad
550 2119 620 2185 def.
643 2119 675 2184 9.
1100 2136 1132 2184 ω

44 2269 52 2282 ·
131 2241 184 2306 29.
218 2236 319 2307 Ὅταν
346 2245 422 2323 τρία
450 2241 576 2326 μεγέθη
607 2236 778 2323 ἀνάλογον
805 2231 843 2328 ή,
875 2239 913 2308 τὸ
946 2244 1081 2326 πρῶτον

63 2342 148 2430 πρὸς
170 2343 207 2412 τὸ
231 2350 345 2428 τρίτον
369 2349 571 2412 διπλασίονα
593 2342 697 2429 λόγον
727 2348 817 2430 ἔχειν
844 2345 973 2430 λέγεται
996 2343 1080 2430 ήπερ

62 2447 146 2536 πρὸς
164 2449 201 2518 τὸ
222 2449 393 2537 δεύτερον]
418 2449 460 2519 οὑ
480 2451 579 2537 λέγει,
604 2446 655 2517 ὅτι
675 2450 711 2516 οἰ
728 2448 791 2517 δύο
810 2449 907 2535 λόχοι
924 2454 985 2517 τοί
1006 2448 1082 2529 ἑνὸς

64 2559 261 2635 διπλασίους
284 2561 383 2623 εἰσίν·
405 2556 461 2623 καί
480 2560 579 2624 τοῦτο
599 2554 660 2642 μὲν
679 2554 758 2642 γάρ·
782 2552 925 2625 ἀλλ’ὅτι
944 2553 962 2624 ὁ
981 2554 1082 2641 λόγος

63 2658 82 2730 ὑ
99 2662 217 2730 ἐκτῶν
233 2660 296 2730 δύο
312 2659 487 2744 δι’πλάσιός
502 2665 603 2748 ἐστιν,
623 2653 845 2749 ὑςῆδρκοί
859 2655 1081 2748 πάλινθχᾶ,
1100 2680 1135 2730 2ο

63 2765 81 2836 ὁ
108 2767 169 2854 μὲν
193 2761 256 2836 οὑν
280 2767 380 2854 λόγος
407 2768 600 2854 διπλάσιος,
632 2767 669 2836 τὸ
705 2767 743 2838 δὲ
770 2770 913 2856 μέγεθος
940 2770 993 2838 ἐπὶ
1021 2767 1082 2856 μὲν

65 2878 250 2942 διπλασίων
282 2877 343 2942 τοῦ
376 2876 543 2961 μεγέθους
570 2874 832 2961 τετραπλάσιον,
864 2875 918 2942 ἰπὶ
946 2873 983 2943 δὲ
1015 2900 1082 2960 τρι-

65 2984 217 3046 πλασίων
240 2979 477 3065 ἐνναπλάσιον,
501 2980 554 3048 έπί
573 2979 611 3048 δὲ
628 2986 878 3066 τετραπλασίων
898 2980 1082 3061 ἑξκαιδεκά-

65 3083 237 3151 πλάσιον·.
260 3089 430 3154 δείκνυται
461 3084 525 3173 γάρ
554 3090 591 3155 έν
620 3101 690 3167 τοῖς
718 3088 806 3174 ἑξῆς,
839 3086 891 3156 ὅτι
918 3087 958 3155 τὰ
986 3085 1082 3174 μήκει

65 3190 224 3259 διπλάσια
248 3192 390 3281 δυνάμει
413 3191 636 3278 τετραπλάσια
654 3192 709 3260 καὶ
728 3191 768 3258 τά
788 3191 966 3279 τριπλάσια
985 3191 1082 3278 μήκει
1100 3208 1134 3259 25

64 3297 273 3365 ἐνναπλάσια
302 3300 452 3384 δυνάμει.
500 3294 518 3366 ὁ
547 3290 610 3366 οὖν
637 3297 738 3384 λόγος
764 3309 833 3366 τῶν
863 3296 1082 3384 τετραγώνων

135 3463 177 3511 28.
198 3457 245 3512 V’.
318 3463 360 3512 29.
380 3456 528 3512 PBFVat.

135 3606 159 3655 ο.
180 3597 225 3670 ει]
246 3596 281 3668 εή
301 3598 334 3654 v.
415 3603 468 3654 τι.
489 3599 534 3669 ω]
555 3594 643 3668 τήν.
735 3593 970 3653 1e.3mo⁶13.
1051 3589 1081 3668 ᾖ]

63 3671 129 3740 post
147 3685 201 3724 ras.
222 3674 238 3723 2
257 3671 312 3724 litt.
333 3670 362 3727 F.
433 3674 474 3724 17.
494 3666 576 3740 πρός]
596 3665 633 3732 ὡς
651 3669 672 3723 F
693 3685 785 3739 comp.
850 3673 893 3723 23.
913 3661 1083 3723 ἑκκαιδεκα-

62 3739 182 3796 πλάσιον
203 3740 233 3796 Β.
304 3747 346 3796 24.
367 3736 411 3811 ἐν]
431 3757 485 3795 om.
506 3740 536 3794 P.
596 3736 671 3810 μήκη
689 3737 720 3792 Ρ.
789 3746 832 3796 25.
852 3737 928 3811 μήκη
947 3740 977 3796 P.
1038 3743 1082 3794 26.

63 3808 256 3867 έννεαπλάσια
275 3811 325 3865 B.·
381 3840 385 3848 ·

880 3901 938 3958 22*
