2414 4236
358 503 629 557 Puonneosfflrsa
646 505 798 561 omncs.
1027 507 1089 562 0111

139 641 243 698 titulus
257 644 302 699 est
316 645 355 712 (n.
365 642 567 700 Weissenborn
580 662 607 714 p.
620 647 664 715 18)
679 647 820 714 „Euclidis
834 649 1008 718 megarensis
1022 648 1086 718 pbi-

66 722 186 792 losophi
207 721 350 779 Platonici
377 724 641 782 mathematiearum
665 725 802 783 ianitoris.
845 729 953 782 hubent
979 728 1009 781 in
1032 728 1088 782 hoc

67 803 217 858 uolumine
244 802 405 873 quicunque
427 805 464 860 ad
486 803 718 859 mathematicam
741 805 928 861 substantium
950 806 1085 876 suspirant,

67 882 275 937 elementorum
283 882 375 939 libros
382 882 447 938 XIII
457 899 519 938 cum
530 882 705 953 expositione
715 883 838 939 Theonis
848 885 968 955 insignis
979 887 1087 941 mathe-

68 962 181 1031 matici,
209 964 311 1031 quibus
335 963 438 1030 multa,
467 978 539 1031 quae
562 962 691 1030 deerant,
721 980 754 1018 ex
783 963 938 1020 lectione
961 983 1088 1035 graeca

69 1046 186 1112 sumpta
203 1041 304 1098 additu
324 1045 403 1111 sunt,
425 1058 477 1098 nec
500 1059 557 1098 uon
580 1043 703 1113 plurima
721 1060 853 1113 peruersa
877 1049 906 1099 et
923 1049 1086 1114 prepostero

67 1122 168 1177 voluta
196 1121 226 1176 in
251 1121 390 1193 Campani
416 1123 635 1191 interpolatIone
658 1122 790 1178 ordinata
812 1121 924 1193 digesta
951 1126 981 1177 et
1003 1124 1086 1180 casti·

69 1202 140 1268 gata
162 1201 247 1255 snnt“
266 1204 320 1259 cet
352 1204 500 1272 praeterea
517 1200 614 1257 adiero
633 1219 648 1257 e
667 1203 844 1273 praefatione
868 1203 1085 1272 catoptrieorum

68 1280 284 1348 (Weissenborn
307 1299 335 1350 p.
354 1287 403 1349 tl,
427 1281 470 1336 ed.
490 1297 516 1335 a.
537 1281 638 1351 lew)
660 1299 688 1351 p.
708 1286 783 1349 504):
812 1281 903 1350 „sicut
921 1282 1006 1337 lectio
1025 1298 1085 1339 sese

68 1358 157 1415 habet
175 1376 291 1430 praem,
315 1361 356 1417 sio
379 1361 530 1417 ueritatem
553 1363 678 1417 colentes
702 1364 789 1429 nuda,
814 1378 899 1432 pura,
924 1362 1034 1417 sincera
1057 1366 1087 1418 et

68 1438 147 1494 fideli
171 1456 268 1495 snmus
292 1440 526 1510 interpretatione
549 1441 735 1512 interpretati.
774 1441 914 1498 noluimus
937 1442 1012 1497 cuim
1038 1458 1085 1497 eos

68 1520 184 1587 imitari,
204 1520 252 1588 qui
271 1535 306 1574 ex
324 1519 486 1575 auctoribus
500 1521 597 1589 aliqua
611 1520 775 1590 decerpunt,
795 1522 892 1589 aliqua
906 1522 1043 1576 omittunt
1057 1523 1087 1575 et

67 1599 166 1668 aliqua
179 1600 359 1668 permutant‘
375 1602 428 1655 cet.
458 1602 517 1656 ete
532 1599 708 1669 praefatione
722 1600 858 1656 Datorum
874 1600 1086 1669 (Weissenborn

67 1695 95 1746 p.
106 1683 151 1745 25,
171 1676 215 1732 ed.
226 1695 250 1732 a.
263 1682 332 1733 1646
346 1697 373 1749 p.
384 1684 459 1747 ⁶423:
479 1679 629 1749 „Euclides
647 1696 768 1748 namque
787 1678 961 1750 Megarensis
976 1680 1085 1733 Mathe·

67 1757 192 1812 maticus
209 1757 461 1827 praeclarissimus,
479 1757 529 1827 qui
542 1759 668 1814 omnium
681 1758 946 1815 mathematicamm
960 1757 1084 1827 discipli-

66 1853 169 1892 narum
182 1855 255 1892 unus
269 1839 314 1891 est
328 1837 376 1907 qni
389 1838 471 1893 nobis
485 1837 560 1894 fores
573 1841 688 1907 reserat,
706 1839 843 1910 inprimis
853 1840 936 1895 nimis
950 1855 1083 1910 peruerse

67 1917 272 1988 interpretatus
282 1917 456 1973 studentium
466 1919 575 1975 animos
590 1918 717 1989 pluribus
731 1921 812 1974 annis
826 1919 972 1990 ambiguos
982 1919 1084 1973 tenuit.

67 2014 133 2051 nam
151 2013 216 2053 oum
234 1997 320 2066 illud,
348 1998 423 2067 qnod
440 1997 518 2053 illius
540 2014 602 2054 esse
621 1997 756 2054 asseritur
781 2000 912 2054 uolumen
936 1998 1083 2053 studentes

66 2076 209 2145 legerent,
228 2075 308 2132 miris
326 2077 428 2143 laruis,
447 2076 563 2133 somniis
582 2080 612 2132 st
628 2078 888 2149 phantasmatibus,
913 2077 1015 2148 quibus
1032 2077 1083 2131 ille

67 2154 207 2225 interpres
234 2156 450 2213 barbarissimns
477 2156 549 2212 illud
576 2156 700 2224 retersit,
729 2157 828 2213 offensi
855 2173 946 2226 neque
974 2157 1083 2212 auctori

66 2236 153 2290 fidem
172 2235 347 2292 adhibebunt
370 2252 460 2304 neque
482 2235 527 2290 illi
550 2236 697 2293 detrahere
721 2237 871 2292 audebant.
909 2253 995 2304 quare
1019 2254 1083 2290 cum

67 2331 119 2370 nos
138 2314 183 2370 his
198 2314 358 2386 disciplinis
374 2332 487 2385 operam
501 2318 660 2387 perplures
674 2332 763 2371 annos
778 2314 1083 2370 accommodeuerimus

67 2394 251 2463 uolentesque
265 2394 370 2451 nostris
384 2394 528 2451 laboribus
543 2395 717 2452 studentium
732 2395 874 2451 communi
887 2392 1006 2448 utilitati
1019 2409 1082 2448 con-

68 2475 174 2543 sulere,
201 2473 291 2545 ipsius
315 2472 441 2530 Euclidis
469 2474 672 2530 elementorum
698 2475 845 2531 uolumina
872 2471 1022 2529 tresdecim
1051 2489 1084 2527 ex

66 2553 190 2610 Theonis
208 2553 364 2611 traditione
382 2572 438 2610 non
457 2555 612 2610 minoribus
631 2555 738 2626 uigiliis
752 2573 838 2626 quam
852 2555 1003 2621 laboribus,
1023 2552 1083 2623 qui-

66 2634 119 2689 bus
143 2650 194 2703 per
218 2633 396 2704 septennium
419 2634 626 2704 insudauimua,
654 2653 688 2690 ex
716 2635 828 2707 graecia
851 2634 881 2688 in
899 2632 1013 2688 Italiam
1036 2634 1083 2689 de·

67 2711 225 2768 duximns“.
263 2711 366 2783 quibus
384 2713 478 2769 uerbis
497 2732 560 2770 cum
579 2712 737 2786 Campanus
760 2715 837 2770 haud
860 2716 977 2770 obscure
996 2714 1082 2783 sigui·

66 2791 179 2862 licetur,
203 2792 324 2864 adparet
347 2811 444 2862 causa,
469 2811 519 2849 cnr
536 2796 701 2850 Zambertus
725 2811 804 2850 suam
823 2792 1083 2865 interpretationem

67 2871 231 2930 coniecerit.
269 2890 326 2942 quo
344 2873 442 2930 codice
461 2873 569 2929 Graeco
587 2875 618 2929 in
636 2876 789 2930 Elementis
809 2878 886 2946 (nam
904 2875 935 2928 in
953 2873 1084 2942 prolego-

68 2951 159 3007 menis
178 2950 281 3008 ldarini
299 2952 336 3008 ad
354 2953 429 3009 Data
447 2953 573 3009 codicem
592 2972 626 3024 „e
640 2954 815 3010 bibliotheca
829 2951 997 3018 aenatoria“,
1017 2953 1044 3006 h.
1060 2969 1084 3006 e.

66 3030 213 3087 Mamiana
232 3030 370 3098 Uenetus,
390 3033 498 3101 habuit,
517 3036 550 3088 ut
567 3034 630 3103 ipse
649 3033 720 3089 dicit
733 3053 760 3104 p.
771 3039 823 3089 cel
844 3034 886 3086 ed.
901 3032 998 3098 Besil.)
1017 3047 1084 3083 usus

65 3113 117 3178 sit,
141 3126 233 3179 neque
250 3111 314 3180 ipse
333 3109 419 3181 dicit,
442 3128 535 3181 neque
558 3129 611 3181 ego
635 3113 727 3168 adhuc
750 3112 886 3182 indagare
905 3110 993 3180 potui.
1031 3109 1084 3163 hoc

64 3193 180 3246 tuntum
198 3189 348 3246 adfirmare
366 3207 492 3261 possum,
511 3208 574 3246 enm
595 3190 738 3248 codicibus
757 3191 908 3247 Marcianis
927 3207 1009 3245 usum
1027 3207 1085 3244 non

65 3286 140 3338 esse;
158 3285 252 3338 neque
271 3268 348 3323 enim
366 3268 441 3325 inter
459 3286 508 3325 eos
528 3272 578 3339 est,
597 3270 647 3340 qui
664 3271 729 3341 plus
743 3287 829 3340 quem
839 3270 905 3324 lllll
918 3270 1005 3326 libros
1019 3286 1084 3323 con-

64 3349 171 3416 tineat,
200 3365 265 3403 cum
289 3351 387 3404 tamen
406 3348 571 3404 Zambertus
594 3351 681 3405 etiam
705 3350 794 3405 libros
812 3349 975 3404 xlv-xv
998 3348 1084 3404 inter-

64 3431 196 3498 pretatus
209 3427 257 3497 sis,
270 3444 324 3483 nec
337 3426 368 3482 in
381 3427 451 3485 locis
465 3429 705 3499 memorabilibus,
718 3430 767 3484 ubi
782 3429 950 3499 scripturum
964 3428 1085 3483 Murcia—

66 3615 230 3683 nescinisse,
248 3614 424 3684 Campanum
439 3631 473 3670 ex
487 3615 607 3670 Arabico
623 3613 769 3669 Euclidem
783 3613 971 3685 transtulisse,
985 3632 1083 3683 necne,

65 3704 142 3742 nunc
160 3685 274 3756 quidem
293 3685 401 3742 dubito.

140 3756 167 3826 ')
187 3757 228 3813 De
241 3755 414 3813 editionibus
425 3755 598 3828 Campanum
613 3758 642 3812 et
656 3757 834 3812 Zambertum
849 3757 1085 3830 coniungentibus

66 3846 95 3884 n.
114 3845 201 3899 snpra
216 3845 244 3898 p.
263 3827 298 3882 01
317 3830 376 3885 not.
391 3829 441 3899 ⁸2).
