2414 4236
216 509 376 563 scnom
392 510 433 563 m
449 510 724 563 ELEMENTORUM
742 511 917 563 LIBRUMI
1027 509 1071 574 93

51 650 176 737 σὺνης,
211 647 255 718 τὰ
286 648 326 718 δὲ
357 648 502 735 οὐράνια
534 649 672 775 μεριστά
705 652 774 719 ἐστι
805 651 861 718 καί
894 653 931 719 έν
958 649 1072 732 ἄλλοις

54 754 341 844 ὑφέστηκεν.τᾶ
374 755 412 824 δὲ
442 754 567 842 ψυχικδι
600 732 793 843 διαιρέσεως
823 757 878 824 καί
906 763 1073 837 ποικιλίας

57 868 267 993 μετείληφεν,
284 888 326 930 τα
350 859 389 929 δὲ
405 861 509 949 νοερὰ
528 864 609 949 μετὰ
627 867 686 950 τῆς
704 863 855 942 ένόσεως
872 863 928 930 καὶ
942 866 1073 950 πλῆθος

58 975 139 1057 ἔχει,
159 966 243 1038 αὑτὰ
268 965 364 1037 δέ
329 995 370 1036 τα
388 972 456 1037 τῶν
473 974 568 1038 θεῶν
587 970 719 1056 ἑνοειδῇ
738 970 794 1035 καὶ
813 966 902 1036 ἆτιλᾶ
920 970 985 1055 πρὸ
1005 975 1074 1039 τῶν

57 1075 172 1145 ἄλλων
198 1073 388 1163 ὑφέστηκεν
414 1078 477 1162 τὴν
507 1074 696 1162 τελειότητα
727 1079 830 1142 πᾶσιν
858 1072 918 1163 ἀφ’
945 1077 1073 1146 ἑαυτῶν
1111 1099 1127 1149 5

57 1188 290 1270 προτείνοντα·
327 1179 562 1269 τελεσιουργὸν
585 1184 650 1268 γδιρ
672 1182 728 1249 καί
752 1178 937 1269 ἄρχηγικὴυ
961 1188 1074 1269 ἔχουσι

55 1288 120 1377 τὴν
137 1293 259 1358 αἰτίαν.
292 1285 356 1356 οὐκ
368 1285 436 1374 ἄρα
448 1285 489 1355 τὰ
508 1287 570 1374 μὲν
589 1293 693 1355 ἔνυλα
712 1288 862 1375 σχήματα
876 1285 1075 1375 ὑφέστηκεν,

55 1394 99 1465 τὰ
123 1394 162 1463 δὲ
184 1392 272 1463 ἄυλα
295 1393 352 1461 καί
374 1393 613 1481 καθαρώτερον
641 1399 760 1481 ἔχοντα
783 1392 845 1480 τὴν
868 1392 989 1462 οὑσιάν
1013 1392 1075 1483 οὐχ

57 1500 256 1590 ὑφέστηκεν.
306 1498 390 1567 ἀλλὰ
422 1502 527 1568 ταῦτα
559 1499 621 1586 μὲν
652 1503 735 1568 κατὰ
765 1498 803 1568 τό
833 1500 1075 1587 Πυθαγόρειον

59 1605 218 1695 ἀρέσκον·
261 1604 281 1675 ὁ
310 1605 348 1674 δὲ
375 1607 562 1693 γεωμέτρης
584 1604 622 1674 τδ
646 1608 683 1676 έν
710 1610 750 1695 τῇ
774 1613 943 1696 φαντασίᾳ
966 1612 1076 1694 σχῆμα
1096 1630 1129 1678 10

59 1715 206 1799 θεωρῶν
226 1712 400 1780 καὶτοῦτο
428 1715 566 1799 πρώτως
594 1709 701 1793 οὕτως
729 1709 935 1800 ὁριζόμενος,
963 1718 994 1781 εί
1020 1715 1075 1782 καί

59 1832 132 1899 τοίς
159 1823 334 1905 αἰσθητοῖς
360 1816 475 1904 λόγοις
507 1818 721 1905 έφαρμόττει,
755 1822 917 1906 δευτέρως
943 1818 981 1889 τὸ
1009 1818 1076 1889 ὑπό

58 1952 153 2005 τινος
170 1923 192 2012 ἤ
204 1950 309 1994 τινων
322 1922 414 2009 ὅρων
427 1924 666 2013 περιεχόμενόν
680 1945 785 2013 φησιν
799 1924 886 1995 εἶναι
900 1925 938 1996 τδ
953 1932 1076 2016 σχῆμα·

63 2035 131 2100 σὺν
143 2028 206 2120 ὑλη
220 2029 286 2119 γὰρ
301 2028 367 2118 ἤδη
381 2030 497 2117 λαβὼν
511 2028 659 2099 αὐτὸκαὶ
670 2031 715 2112 ὡς
726 2032 904 2102 διαστατόν
915 2032 1076 2121 φανταζό-

62 2163 164 2227 μενος
177 2137 314 2219 εἰκότως
326 2136 364 2205 τὸ
378 2137 445 2207 ὑπό
459 2164 552 2218 τινος
569 2137 591 2226 ἥ
606 2165 710 2206 τινων
729 2137 821 2224 ὅρων
839 2139 1075 2228 περιεχόμενόν
1096 2161 1130 2210 ιο

61 2265 168 2333 φησιν
180 2241 269 2313 εἰναι
282 2242 322 2312 τὸ
337 2247 455 2332 σχῆμα.
482 2249 550 2312 πᾶν
569 2247 634 2331 γὰρ
653 2242 690 2313 τὸ
710 2242 796 2330 ὑλην
815 2249 893 2331 ἔχον
912 2245 1036 2332 νοητὴν
1055 2241 1076 2332 ἢ

63 2349 231 2438 αἰσθητὴν
247 2347 438 2437 ἀλλαχόθεν
457 2356 523 2438 ἔχει
541 2348 602 2418 τὸν
622 2348 716 2436 όρον,
735 2349 791 2416 καὶ
806 2345 867 2416 οὑκ
881 2346 963 2417 αὐτὸ
977 2351 1079 2433 πέρας

62 2459 164 2544 ἐστίν,
188 2454 273 2526 ἀλλὰ
291 2458 541 2543 πεπερασμένον
561 2458 667 2541 ἐστίν,
691 2451 767 2523 οὐδ’
789 2450 870 2523 αὑτὸ
891 2453 984 2542 ὄρος,
1003 2452 1075 2523 ἀλλ’

61 2564 145 2634 ἄλλο
159 2563 221 2651 μὲν
236 2566 273 2633 έν
288 2561 378 2654 αὐτῷ
392 2564 431 2631 τὸ
446 2560 571 2650 όρίζον,
585 2561 666 2631 ἄλλο
682 2562 719 2630 δὲ
729 2560 766 2630 τὸ
778 2560 985 2649 ὁριζόμενον,
1001 2559 1076 2631 οὐδ’

62 2667 154 2741 έν
114 2697 205 2763 τυτφ
190 2670 324 2755 ἐστιν,
343 2667 449 2738 οἰλλΗ
431 2695 479 2738 υτ
480 2668 608 2738 ’ἄλλου
621 2672 812 2757 περιέχεται.
844 2674 889 2762 τῷ
908 2697 972 2756 γαρ
986 2660 1079 2762 ποσῷ
1098 2693 1134 2743 20

61 2775 253 2906 συμφύεται
273 2777 329 2844 καί
352 2804 410 2864 μετ
412 2775 509 2846 ’ίέκε
494 2783 570 2845 ἰνου
593 2778 929 2862 συνυφίσταται,καί
952 2783 1080 2863 γίνεται

61 2881 153 2976 αὑτφ
168 2880 391 3012 ὑποκείμενον
405 2880 443 2950 τὸ
459 2882 577 2951 ποσόν.
605 2907 620 2950 ε
622 2884 689 2950 ἰδέ
700 2909 749 2963 τις
767 2881 926 2973 ἐαιτιμιόη
945 2887 990 2972 τῷ
1011 2883 1079 2972 ὅρῳ

61 3018 109 3071 ως
125 2987 193 3058 εἰτὸ
210 3016 280 3058 των
299 2987 452 3059 εἰδῶν
419 3016 458 3057 το
477 2990 576 3076 γένος
593 2987 853 3120 ἀφοριζόμενον
876 2987 914 3056 τὸ
934 2985 998 3073 γδιρ
1016 2985 1077 3072 ὑφ’

63 3094 182 3176 ένδς”
163 3122 250 3183 ορου
271 3095 511 3183 τεριεχιμενον
529 3094 635 3164 καί
602 3121 640 3164 το
659 3093 726 3164 ὑπο
745 3093 912 3163 πλειόνων
927 3096 1000 3179 εἰδη
1019 3095 1081 3160 τοῦ

60 3201 244 3290 σχήματος·
275 3205 497 3287 γιγνωσκέτω,
521 3201 571 3269 ὅτι
594 3200 712 3270 καὶτὰ
736 3203 817 3287 γένη
840 3197 898 3279 τὰς
922 3198 1081 3284 δυνάμεις
1099 3219 1134 3268 νε

63 3314 270 3397 προείληφεν
292 3311 362 3376 τόν
386 3312 488 3376 εἰδῶν
512 3310 550 3375 ἐν
573 3307 718 3392 ἑαυτοῖς,
741 3307 796 3374 καὶ
821 3304 902 3374 ὅταν
925 3302 991 3372 όαὸ
1014 3307 1081 3372 τοῖν

64 3414 245 3501 δυνάμεων
272 3417 342 3482 τῶν
372 3416 408 3482 έν
435 3427 507 3493 τοῖς
532 3415 664 3500 γένεσιν
693 3414 857 3481 ἐθέλωσιν
881 3409 966 3480 αὐτὰ
991 3414 1081 3496 σαφῆ

63 3534 177 3629 ποιείν
201 3523 237 3588 οί
257 3525 410 3605 παλαιοί,
443 3523 582 3588 δοκοῦσι
610 3519 671 3606 μὲν
699 3515 764 3586 &ab
793 3521 862 3586 τῶν
885 3521 990 3586 εἰδῶν
1015 3519 1082 3585 ἰαι-

146 3720 172 3770 θ.
190 3709 354 3802 ἆρχιγιτην.
436 3719 462 3770 8.
480 3709 546 3798 οὑχ]
566 3729 635 3768 corr.
654 3729 688 3767 ox
707 3708 769 3767 οὑκ.
850 3720 874 3768 9.
893 3709 1029 3783 πυθαγόρ
1032 3733 1085 3768 ιον.

103 3793 147 3841 10.
167 3782 214 3858 το]
232 3788 280 3859 τῷ.
355 3791 397 3841 12
416 3779 604 3855 ἰφαρμουται.
678 3790 719 3838 19.
742 3779 809 3837 ἄλλο
828 3783 894 3856 μέν]
911 3781 1012 3853 ἄλλονη
1035 3783 1089 3840 ek

64 3856 232 3928 Proclusp.
253 3842 313 3925 342,
334 3863 376 3913 17
448 3863 489 3912 21
510 3858 717 3927 σννιφίσταται.
794 3862 840 3917 22.
862 3826 1031 3935 ἔτιτιμοίηι
