2414 4236
356 493 630 547 ELEMENTORUM
648 494 757 545 LIBER
774 494 845 546 XIV.
1061 491 1102 554 37

90 658 174 721 esee,
207 661 306 723 quam
338 639 460 706 habeat
490 645 580 706 recta
608 639 775 724 quadratis
803 639 907 703 totius
935 635 1104 720 partisque

92 743 226 808 maioris
248 746 394 829 aequalia
418 746 577 830 quadrata
601 746 641 811 ad
664 750 786 811 rectam
810 743 977 829 quadratis
1001 742 1103 807 totius

87 850 258 934 partisque
281 852 418 917 minoris
442 853 609 937 aequalem
633 853 834 937 quadratam.

155 955 228 1022 Iam
252 957 304 1023 his
328 960 478 1025 omnibus
503 958 637 1024 anobis
656 959 834 1042 perspectis
854 957 998 1040 adparet,
1022 955 1104 1018 siin

88 1062 203 1128 eadem
217 1063 357 1148 sphaera
370 1065 604 1132 dodecaedrum
620 1068 653 1128 et
665 1063 866 1128 ieosaedrum
876 1060 1104 1143 inscribantur,

87 1176 178 1235 reeta
193 1170 337 1255 qualibet
352 1171 529 1236 seeundum
543 1171 705 1236 rationem
719 1173 895 1233 extremam
910 1188 947 1231 ac
963 1164 1103 1229 mediam

89 1279 189 1360 secta,
210 1275 441 1341 dodecaedrum
460 1277 501 1342 ad
518 1277 721 1343 ieosaedrum
740 1298 812 1341 eam
831 1275 991 1338 rationem
1010 1271 1103 1335 habi-

87 1388 198 1447 turum
223 1402 306 1467 ease,
337 1405 433 1467 quarn
456 1383 580 1449 habeat
601 1388 690 1448 reeta
714 1383 880 1468 quadratis
905 1379 1008 1446 totius
1029 1399 1103 1461 par-

88 1488 195 1571 tisque
219 1488 353 1553 maioris
376 1489 524 1574 aequalis
548 1490 707 1574 quadrata
730 1489 769 1553 ad
793 1491 915 1553 rectam
935 1486 1103 1572 quadratis

87 1592 191 1657 totius
218 1593 385 1678 partisque
413 1595 548 1660 minoris
577 1594 745 1680 aequalem
775 1593 974 1678 quadratam.
1025 1614 1103 1656 nam

88 1698 245 1782 quoniam
282 1704 346 1785 est,
385 1705 422 1765 ut
453 1701 688 1766 dodeeaedrum
727 1701 768 1765 ad
799 1699 1020 1782 icosaedrum,
1056 1699 1104 1764 ita

88 1805 275 1888 superficies
312 1807 501 1873 dodeeaedri
534 1809 574 1873 ad
603 1807 804 1892 superficiem
832 1806 1005 1890 icosaedri,
1041 1805 1104 1869 hoe

89 1916 139 1976 ert
166 1911 252 1976 latus
285 1912 359 1978 cubi
392 1914 433 1978 ad
465 1915 552 1979 latus
580 1914 751 1998 ieosaedri,
787 1918 820 1978 et
849 1918 886 1978 ut
913 1915 1000 1977 latus
1028 1911 1103 1976 cubi

88 2017 129 2082 ad
156 2018 244 2082 latua
271 2018 442 2104 ieosaedri,
474 2022 535 2103 ita,
566 2023 656 2085 recta
684 2020 829 2104 qualibet
855 2020 1031 2084 seeundum
1054 2039 1104 2081 ra-

87 2123 210 2188 tionem
238 2127 414 2190 extremam
445 2148 483 2191 aa
515 2125 655 2191 mediam
686 2129 790 2210 saeta,
820 2130 908 2190 reeta
936 2124 1103 2209 quadratis

88 2230 192 2295 totius
215 2230 384 2314 partisque
408 2230 540 2295 maioris
564 2231 707 2314 aequalis
732 2230 889 2316 quadrata
913 2229 954 2293 ad
977 2234 1103 2293 rectam

88 2336 256 2420 quadratis
266 2337 369 2400 totius
385 2338 553 2421 partisque
568 2338 703 2402 minoris
718 2336 886 2420 aequalem
902 2334 1105 2420 quadratam,

87 2442 150 2507 erit
173 2446 211 2507 ut
229 2441 464 2508 dodeeaedrum
483 2443 525 2508 ad
542 2443 743 2508 ieosaedrum
767 2443 802 2506 in
825 2441 940 2505 eadem
964 2438 1101 2523 sphaera

86 2547 260 2633 inreripta,
287 2550 348 2632 ita,
376 2553 466 2614 reeta
496 2549 642 2633 qualibet
669 2549 844 2614 seeundum
867 2546 1028 2612 rationem
1053 2568 1104 2610 ex-

86 2660 226 2718 tremam
250 2676 289 2719 ae
311 2654 452 2720 mediam
478 2659 576 2739 secta,
601 2659 691 2720 reeta
713 2655 879 2739 quadratis
904 2654 1005 2719 totius
1029 2675 1101 2737 par·

86 2761 196 2845 tieque
218 2760 354 2826 maioris
379 2762 524 2845 aequalis
548 2761 707 2845 quadrata
732 2760 772 2825 ad
791 2765 913 2826 rectam
933 2759 1102 2845 quadratis

83 2867 190 2933 totius
214 2868 380 2952 partisque
402 2867 538 2932 minoris
563 2867 730 2951 aequalem
755 2867 954 2950 quadratam.

125 3080 150 3129 9.
172 3072 242 3147 ἔξει]
262 3073 320 3142 ἔξει
334 3071 367 3132 ὅν
381 3077 495 3133 PBVv.
550 3074 759 3146 οἷασδηποτοῦν
773 3076 886 3131 PBVv.
943 3080 985 3129 10.
1004 3071 1101 3144 λόγον]

86 3162 143 3200 orn.
163 3144 194 3199 P.
266 3147 439 3219 τετμημένης
456 3147 542 3216 PBv,
565 3151 720 3218 τμηθείσης
738 3148 771 3202 V.
845 3142 894 3217 ὡς]
915 3163 969 3201 om.
988 3142 1102 3211 PBVv,

84 3210 138 3283 ὅλη
156 3213 196 3283 Μ,
216 3233 284 3272 cerr.
303 3219 452 3276 Friedlein.
518 3226 559 3276 11.
578 3215 609 3274 τό
630 3250 663 3260 -
685 3225 726 3273 12.
745 3220 810 3289 καί]
831 3236 885 3273 om.
905 3215 989 3270 PBv.
1061 3220 1102 3269 12.

86 3286 207 3342 ἔλασσον
231 3287 268 3342 Μ.
360 3297 400 3345 14.
425 3286 601 3359 ἐπιφάνειαν
622 3323 653 3330 -
674 3296 715 3345 16.
740 3287 883 3360 πλευράν]
912 3305 966 3343 om.
990 3283 1102 3340 PBVv.

126 3363 167 3412 17.
187 3355 325 3430 πλευράν]
345 3376 397 3415 om.
414 3361 525 3416 PBVv.
577 3353 678 3432 οὕτως]
698 3354 786 3423 οὕτως
801 3357 877 3415 ἐστίν
891 3357 1003 3413 PBVv.
1059 3360 1103 3411 20.

88 3426 210 3483 ἔλασσον
229 3427 266 3484 Μ.
352 3431 565 3500 δεκάεδρονᾟ.
652 3438 695 3486 22.
716 3425 851 3502 εὐθείας]
877 3425 966 3490 οὕτως
985 3423 1104 3488 εὐθείας

83 3497 200 3553 PBVv.
256 3506 299 3558 25.
319 3500 437 3557 ἔλασσον
455 3503 492 3559 Μ.
528 3502 560 3558 In
578 3504 632 3558 fine
647 3498 815 3567 ’Ῥψικλὲους
833 3496 864 3555 τὸ
885 3499 924 3564 εἰς
944 3496 1103 3567 Εὐκλείδην

86 3565 311 3641 ἀναφερόμενον
334 3574 365 3626 ιδ
388 3575 419 3631 P.
461 3572 520 3629 Lin.
545 3580 561 3628 6
585 3604 618 3614 -
643 3579 676 3628 25
700 3573 779 3626 uncis
807 3572 921 3628 inclusit
944 3569 1105 3642 Gregorius,

88 3640 146 3697 del.
164 3639 332 3714 Peyrardne,
352 3646 381 3700 et
398 3661 512 3714 prorsus
532 3660 706 3714 superuacua
724 3644 795 3697 aunt.
