2414 4236
234 458 391 511 SOHOLIA
409 459 449 510 IN
466 459 742 511 ELEMENTORUM
760 461 900 512 LIBRUM
912 461 935 514 Ι.
1023 459 1088 525 193

70 597 250 685 τράγωνον
278 596 500 685 ἀναφαίνεται
527 603 596 666 τῶν
624 607 707 667 ἴσων
734 600 940 689 περιμέτρων
964 607 1087 688 μεῖζον,

70 702 113 772 τὸ
136 704 174 772 δὲ
196 705 391 793 ῥομβοειδὲς
415 703 573 773 ἁπάντων
601 710 753 775 ἔλασσον.
797 707 854 774 καὶ
882 708 1008 792 ἰστέον,
1036 706 1087 776 ότι

71 809 405 899 παραλληλόγραμμα
433 813 541 898 λέγων
570 820 626 880 ίσα
653 810 693 879 τά
721 820 827 900 χωρία
856 814 943 899 λέγει
967 813 1022 881 καὶ
1046 812 1087 882 οό

70 915 134 996 τὰς
162 916 321 1005 πλενράς·
358 918 488 987 τούτων
518 918 582 1005 γὰρ
610 922 676 987 νῦν
700 916 719 986 ὁ
742 918 843 1005 λόγος
865 920 921 987 καὶ
943 923 1012 987 τῶν
1035 921 1087 1006 ἐμ·

70 1024 200 1108 βαδοῖν.
244 1023 301 1090 καί
330 1020 381 1091 ὅτι
408 1025 445 1091 ἐν
467 1026 508 1112 τῇ
537 1024 637 1103 δείξει
659 1022 762 1112 ταύτῃ
786 1023 922 1110 μνήμην
945 1039 1087 1094 ποιείται
1123 1045 1141 1095 5

68 1132 140 1196 τεόν
163 1133 356 1216 τραπεζίων.

140 1238 214 1304 123.
256 1239 332 1304 Τῶν
359 1235 559 1321 παραδόξων
587 1237 779 1322 λεγομένων
807 1237 876 1304 ίστλ
904 1238 961 1304 καλ
987 1242 1086 1308 τοῦτο

68 1339 109 1409 τό
133 1340 312 1428 θεώρημα·
347 1341 562 1428 καταπλήττει
586 1346 673 1428 γοῦν
696 1340 774 1421 τοὺς
801 1344 963 1429 πολλούς,
991 1348 1022 1411 εί
1047 1343 1085 1412 τὸ

70 1450 178 1532 μήτιος
209 1446 582 1534 πολλαπλασιαζόμενον
613 1445 675 1516 οὐκ
703 1448 837 1536 ἀναιρεῖ
861 1447 922 1535 τὴν
951 1449 1087 1536 ίσότητα

71 1557 134 1637 τῆς
152 1550 254 1638 αὐτῆς
272 1552 375 1640 οὔσης
392 1556 530 1642 βάσεως.
567 1554 620 1642 ἐφ’
639 1555 722 1623 ὅσον
743 1555 806 1644 γὰρ
826 1559 864 1623 αί
880 1555 1086 1645 παράλληλοι
1108 1576 1141 1624 10

71 1657 303 1745 ἐκβόλλονται,
322 1662 375 1730 ἐπὶ
393 1665 557 1730 τοσοῦτον
577 1660 710 1742 αὔξεται
727 1664 765 1729 τὸ
784 1663 898 1751 ἕτερον
917 1673 986 1730 τῶν
1005 1686 1086 1747 παρ-

70 1765 371 1854 αλληλογράμμων.
418 1765 508 1853 ὅμως
537 1772 662 1853 ίστέον,
695 1766 747 1836 ότι
780 1771 936 1855 μέγιστον
970 1765 990 1854 ή
1018 1772 1086 1835 τῶν

71 1876 210 1957 γωνιῶν
229 1873 342 1959 ίσότης
358 1872 500 1941 δύναται
514 1875 569 1941 καὶ
583 1870 750 1960 ἀνισότης.
783 1872 851 1964 ὅσῳ
867 1873 931 1960 γάρ
947 1873 1086 1954 ἀνίσους

71 1981 222 2063 ποιῶμεν
244 1976 304 2058 τὰς
326 1985 461 2065 γωνίας,
484 1979 633 2070 τοσούτω
657 1983 785 2067 μᾶλλον
813 1982 1021 2067 ἐλασσοῦμεν
1046 1979 1084 2048 τό

72 2088 211 2170 χωρίον,
234 2089 264 2152 εί
285 2086 382 2171 μίνοι
403 2084 440 2153 τό
465 2084 547 2152 αὐτὸ
571 2086 702 2165 πλάτος.
1106 2104 1139 2155 1⁶

403 2283 457 2347 Ad
480 2305 584 2366 prop.
607 2281 757 2348 XXXVI.

141 2403 214 2469 124.
252 2399 296 2469 Τό
323 2400 384 2488 μὲν
406 2400 469 2488 πρὸ
494 2399 617 2469 τούτου
639 2399 801 2486 θεώρημα
820 2398 878 2480 τάς
897 2400 1011 2486 βάσεις
1028 2402 1086 2483 τὰς

68 2503 175 2588 αότας
194 2507 372 2596 ἐλάμβανε,
390 2512 489 2576 τοῦτο
505 2509 542 2575 δὲ
556 2506 594 2575 τὸ
611 2507 663 2584 λς’
679 2516 753 2586 ίσας
766 2507 838 2594 μέν,
859 2506 1086 2595 διαφερούσας

71 2614 111 2682 δὲ
134 2612 299 2702 ἀλλήλων.
335 2613 453 2683 κοινὸν
472 2613 509 2682 δὲ
533 2612 735 2701 ἀμφοτέροις
757 2611 795 2682 τὸ
820 2615 857 2682 ἐν
878 2626 951 2694 ταίς
969 2613 1086 2696 αὐταῖς

70 2718 297 2789 ὑποτίθεσθαι
325 2718 551 2807 παραλλήλοις
577 2718 617 2788 τά
646 2720 983 2808 παραλληλόγραμμα.
1034 2728 1088 2791 δεῖ
1105 2739 1139 2790 20

71 2823 115 2912 δή
139 2818 204 2894 οὖν
227 2824 311 2895 αὐτὰ
334 2827 414 2913 μήτε
435 2827 598 2912 ἐνδοτέρω
618 2832 748 2895 πίπτειν
766 2838 835 2895 τῶν
854 2824 1084 2914 ὑποκειμένων

70 2932 294 3021 παραλλήλων
314 2932 458 3002 εὐθειῶν
473 2932 554 3018 μήτε
569 2934 723 3021 ἐξωτέρω.
756 2935 1084 3022 παραλληλόγραμμα

69 3036 137 3127 γάρ
162 3041 199 3107 ἐν
220 3052 294 3118 ταῖς
321 3037 437 3118 αὐταῖς
465 3035 551 3106 εἶναι
579 3040 708 3124 λέγεται
734 3036 974 3124 παραλλήλοις,
1003 3037 1084 3108 όταν

70 3147 111 3212 αί
126 3171 161 3212 τε
180 3145 295 3230 βάσεις
314 3142 426 3213 αὐτῶν
444 3145 552 3212 καλαί
567 3143 703 3224 ταύταις
716 3141 918 3212 ἀπεναντίον
936 3151 1084 3232 κείμεναι

69 3263 143 3330 ταῖς
171 3248 288 3330 αάτατς
315 3249 564 3336 ίφαρμόζωνται
592 3250 825 3336 παραλλήλοις.
873 3252 976 3331 ἔδειξε
1005 3251 1042 3318 δὲ
1065 3249 1083 3319 ὁ
1103 3272 1143 3321 25-

70 3356 284 3444 στοιχειωτὴς
298 3354 334 3424 τὸ
348 3355 511 3443 θεώρημα
524 3355 583 3435 τάς
595 3355 709 3442 βάσεις
718 3354 826 3445 πάντη
839 3358 1085 3445 κεχωρισμένας

70 3462 194 3549 λαβών.

145 3611 204 3659 123.
223 3603 383 3671 PBFVat.;
402 3602 443 3666 είς
461 3601 493 3658 τὸ
511 3599 554 3657 λε’
573 3604 637 3659 Vnt.
713 3610 772 3660 124.
792 3604 831 3657 V·
845 3606 910 3675 (sq).

69 3696 285 3707 ...a--.ae-——n

145 3736 168 3784 1.
183 3728 241 3783 Sor.
253 3728 331 3784 ίσοπε
351 3728 479 3798 ιμέτρων.
531 3734 556 3781 7.
572 3723 641 3800 ἔστι]
657 3744 711 3783 om.
721 3727 753 3783 B.
804 3733 829 3783 8.
850 3726 894 3800 εί]
911 3728 940 3783 in
955 3744 1009 3784 rae.
1020 3735 1081 3784 m.1

69 3798 136 3856 Vah.
184 3749 477 3871 1λ.όμως]ἀμοίωςΒ.
526 3799 731 3855 14.τοοοῦτολ“.
780 3798 1093 3875 19.δε’ή<μεήοω.ἵω.

123 3897 268 3946 Eucliden!
281 3898 329 3940 εδδ,
343 3898 446 3948 Ητίοετς
458 3900 482 3940 εί
493 3898 584 3951 Manno.
612 3902 638 3945 V.
901 3899 939 3950 m
