2424 4320
135 505 200 569 618
274 507 431 559 SCHOLIA
448 507 488 558 m
505 503 779 558 EIAEMENTORLM
796 502 936 556 LIBRUM
948 502 1011 558 XII.

201 654 230 716 3.
265 647 351 717 Ἀλλ’
368 648 389 737 ἡ
408 649 469 737 μὲν
487 647 554 718 ὑπό
573 675 603 736 p.
621 653 694 735 140,
709 653 743 733 2]
768 649 805 715 ιιί
821 645 885 733 γὰρ
900 640 1146 733 ἐπὶτῆςαύτῆς

132 762 344 843 περιφερείας
367 763 542 843 βεβηκυῖαι
564 762 684 842 γωνίαι
708 765 777 823 ίσαι
801 753 959 841 ἀλλήλαις
982 753 1072 821 είσλν
1088 751 1145 820 καὶ

134 864 171 930 ἐν
193 867 239 954 τῷ
264 861 353 955 αύτῷ
376 862 521 949 τμήματι
544 861 660 932 διὰτὸ
684 860 740 930 κε’
764 865 825 930 τοῦ
847 860 892 947 γ’.

195 973 227 1037 4.
254 966 349 1036 Ἔστι
372 966 410 1036 δὲ
433 971 488 1036 καὶ
512 967 601 1056 ὀρθή
625 995 655 1056 p.
676 973 751 1054 140,
771 972 805 1053 5]
829 972 933 1036 πᾶσαι
955 967 1022 1054 γὰρ
1047 970 1087 1034 αί
1107 968 1145 1036 ἐν

95 1073 314 1166 οὴμικυκλίφ
337 1080 459 1160 γωνίαι
482 1071 589 1161 ὀρθαί
609 1079 706 1143 είσιν.
812 1168 818 1181 ¹

515 1271 572 1336 Ad
594 1293 696 1356 prop.
720 1271 762 1336 Π.

197 1400 227 1463 5.
253 1394 362 1462 Ἕστω
386 1394 485 1481 χάριν
508 1397 569 1462 τοῦ
592 1396 723 1480 σαφοῦς
744 1393 783 1461 τὸ
806 1394 1014 1482 περιγραφὲν
1032 1394 1145 1483 τετρά-

130 1529 242 1588 γωνον
266 1500 445 1586 ὀκτάπουυ,
470 1498 488 1568 ὁ
508 1499 545 1568 δὲ
563 1499 797 1586 περιεχόμενος
815 1498 874 1567 ὑπ’
897 1497 1004 1568 αύτού
1021 1501 1145 1583 κύκλος

130 1608 286 1691 ἑξάπους,
313 1605 352 1674 τὸ
382 1606 419 1673 δὲ
443 1606 711 1691 ἐγγεγραμμένον
740 1607 845 1694 ἐντῷ
869 1604 1008 1686 ἕξάποδι
1030 1607 1145 1698 κύκλφ

79 1726 111 1776 10
129 1713 342 1799 τετράγωνον
365 1717 448 1779 ἔστω
471 1710 665 1794 τετράπουν.
701 1709 739 1778 τὸ
763 1708 804 1795 δὴ
823 1711 1011 1797 τετράπουν
1029 1714 1147 1798 μεῖζόν

130 1820 220 1885 ἐστιν
244 1815 264 1903 ἢ
288 1817 326 1886 τὸ
349 1818 453 1903 ἥμισυ
476 1820 537 1883 τοῦ
561 1815 735 1895 ἕξάποδος·
765 1822 907 1901 τρίπουν
929 1815 994 1904 γδιρ
1018 1817 1058 1885 τὸ
1082 1823 1145 1888 τοῦ

130 1923 291 2003 ἑξάποδος
317 1922 429 2008 ἥμισυ.
476 1919 527 1988 ὅτι
559 1921 596 1987 δὲ
629 1918 666 1988 τὸ
693 1924 1001 2009 περιγεγραμμένον
1028 1925 1145 2013 τετρά·

129 2056 242 2113 γωνον
267 2027 444 2095 διπλάσιόν
468 2029 536 2094 ἐστι
558 2031 620 2094 τοῦ
645 2029 899 2113 ἐγγραφομένου
918 2030 1145 2117 τετραγώνου,

131 2137 294 2202 δέδεικται
323 2135 359 2200 εὐ
386 2137 432 2224 τῷ
461 2131 520 2218 μα’
548 2133 740 2218 θεωρήματι
768 2137 829 2200 τοῦ
858 2133 892 2199 α’
918 2139 1067 2219 βιβλίου·
1106 2135 1145 2204 τὸ

78 2253 110 2302 15
130 2239 194 2326 γὰρ
220 2247 315 2306 ΕΖΘ
336 2243 515 2325 τρίγωνον,
539 2239 619 2325 ὅπερ
644 2239 712 2305 ἐστὶ
735 2237 773 2305 τὸ
795 2236 899 2324 ἥμισυ
921 2243 982 2307 τοῦ
1005 2248 1146 2308 ΕΖΗΘ

130 2348 357 2432 τετραγώνου,
385 2343 488 2431 ἥμισυ
508 2348 676 2411 δείκνυται
699 2347 736 2411 ἐν
759 2347 899 2423 ἐκείνοις
920 2348 982 2413 τοῦ
1005 2345 1147 2432 ἡμίσεος

128 2457 190 2520 τοῦ
204 2454 498 2541 περιγραφομένου
511 2450 736 2535 τετραγώνου·
761 2447 884 2536 ὁμοίως
897 2452 952 2518 καὶ
966 2448 1003 2519 τδ
1019 2451 1144 2521 λοιπὸν

128 2557 166 2626 τὸ
192 2564 291 2625 ΖΗΘ
317 2563 483 2643 τρίγωνον
511 2554 615 2641 ἥμισυ
641 2559 703 2623 τού
730 2560 859 2624 λοιποῦ.
906 2554 989 2625 ώστε
1017 2562 1077 2628 καὶ
1104 2560 1144 2630 τδ

130 2662 211 2732 ὅλον
234 2661 338 2750 ἥμισυ
360 2665 421 2729 τοῦ
445 2659 536 2730 ὅλου.

76 2784 111 2832 20
197 2776 226 2838 6.
255 2769 363 2837 Ἔστω
387 2767 424 2835 τὸ
445 2775 480 2833 Σ
499 2774 624 2853 χωρίον
647 2771 763 2836 ποδών
786 2765 807 2855 ἢ
831 2770 963 2855 πηχέων
986 2766 1007 2856 ἢ
1027 2770 1144 2841 ἄλλων

128 2880 232 2944 τινών
255 2882 306 2962 Hp,
335 2872 352 2941 ὁ
378 2873 415 2941 δὲ
439 2880 563 2941 ΑΒΓΔ
586 2873 707 2953 κύκλος
729 2874 892 2942 τοιούτων
916 2880 970 2943 κδ·
1007 2875 1145 2949 ύποεπί-

129 3008 236 3068 τριτος
260 2980 325 3067 άρα
349 2981 439 3048 ἐστὶν
464 2977 480 3046 ὁ
505 2985 541 3066 [vj
563 2984 624 3047 τού
647 2983 698 3046 κδ.
735 2985 818 3048 ἔστω
841 2979 942 3048 πάλιν
967 2980 983 3049 ὁ
1005 2991 1145 3054 ΕΖΗΘ

128 3088 250 3166 κύκλος
277 3090 313 3171 ξ,
347 3088 430 3154 οἵων
458 3076 501 3170 ἦν
529 3089 571 3152 ιἰδ
598 3085 659 3171 μὲν
687 3082 705 3151 ὁ
735 3091 893 3171 ΑΒΓΔ,
926 3088 1004 3156 ῖδὲ
1036 3093 1095 3160 καὶ
1122 3122 1144 3181 η

128 3193 166 3262 τὸ
196 3201 229 3260 Σ
259 3197 401 3278 χωρίου,
436 3195 518 3258 ἔστω
552 3189 570 3257 ὁ
604 3189 665 3275 μὲν
696 3191 817 3271 κύκλος
844 3193 1007 3263 τοιούτων
1036 3200 1071 3283 ξ,
1104 3197 1144 3268 τὸ

201 3370 276 3426 τε.
350 3371 426 3423 ιιι.
498 3366 713 3436 τούτου).
787 3376 811 3424 ι.
832 3370 1002 3440 Fv·q(1³²).

129 3482 342 3494 -.-—--——-

202 3539 226 3588 7.
250 3530 427 3600 τετράγωνον
447 3523 607 3597 ὀκτάπουν]
632 3522 796 3596 δατάγωνον
815 3528 973 3596 τετράπουν
997 3550 1023 3600 q.
1101 3541 1143 3591 16,

128 3600 324 3674 τετραγώνου]
351 3596 393 3668 Π
416 3598 444 3653 F.
538 3604 579 3653 18.
603 3596 653 3668 τό]
676 3601 739 3668 (pr.)
763 3616 831 3654 corr.
851 3616 885 3654 ox
908 3602 958 3656 τοῦ
978 3602 1011 3656 V.
1099 3612 1142 3662 20.

128 3674 243 3745 πηχέων
262 3669 293 3743 ἤ]
313 3689 367 3727 om.
386 3672 415 3726 F.
494 3677 537 3726 21.
562 3669 603 3741 ι’ἡ]
623 3668 694 3724 δέκα
712 3669 761 3724 καλ
779 3678 797 3739 ἡ
817 3688 844 3739 q.
917 3672 965 3743 λδ]
985 3675 1075 3729 είκοσι
1094 3677 1145 3731 καλ

128 3761 272 3829 τεσσάρων
290 3778 318 3829 q,
337 3765 355 3811 ἱ
373 3761 422 3815 καλ
439 3749 458 3815 δ
476 3760 510 3814 V.
574 3765 616 3814 22.
637 3755 724 3829 ἐστίν]
744 3774 834 3829 comp.
854 3760 886 3832 F,
906 3777 960 3816 om.
981 3761 1038 3832 Vq.
1099 3770 1143 3820 λδ.

129 3830 354 3902 ῆῆφξδ
428 3828 688 3901 ῑ-ῇῆώφ
