2424 4320
147 456 212 523 688
420 458 602 509 εΡΡΕΝνιΧ
621 456 857 509 scnomomm
871 457 891 508 1.

147 604 298 685 λαβοῦσα
321 595 383 685 τὴν
401 603 470 665 ΒΓ
488 606 543 683 ἴση
563 597 632 665 έστὶ
649 599 690 685 τῇ
706 603 783 664 ΑΒ·
807 594 966 677 ὡσαύτως
982 598 1038 665 καὶ
1057 593 1079 683 ἡ
1095 604 1165 665 ΔΖ

147 709 386 794 προσλαβοῦσα
409 703 471 790 τὴν
496 711 561 772 ΖΕ
582 713 636 790 ἴση
659 709 787 790 γίνεται
809 707 849 792 τῇ
874 711 950 772 ΔΕ.

216 818 270 882 32.
311 811 379 879 Καὶ
406 809 446 878 τὰ
474 807 576 896 ἡμίση
604 837 635 898 p.
654 813 708 895 34,
732 813 766 894 6]
800 810 870 877 ἐπεὶ
897 807 961 897 γὰρ
988 813 1059 878 τῶν
1084 818 1167 896 AB,

149 926 215 987 ΒΓ
247 917 326 1004 μετὰ
355 920 413 1003 τῆς
444 923 513 984 ΑΓ
545 913 679 1002 ἡμίσειά
712 917 803 983 έστιν
835 915 856 1002 ἡ
883 922 949 984 AB
957 965 968 1000 ,
1003 914 1169 996 ὡσαύτως

115 1024 189 1098 εδδ
216 1025 271 1093 καὶ
298 1035 368 1092 τῶν
393 1030 476 1108 ΔΕ,
500 1030 562 1089 ΕΖ
590 1019 671 1109 μετὰ
697 1025 758 1107 τῆς
784 1029 850 1089 ΔΖ
877 1022 1011 1109 ἡμίσεια
1038 1018 1060 1108 ἡ
1085 1029 1167 1108 ΔΕ,

148 1131 188 1200 τὰ
213 1133 297 1218 μέρη
319 1144 390 1210 τοῖς
414 1127 573 1209 ὡσαύτως
594 1134 855 1209 πολλαπλασίοις
881 1127 941 1198 τὸν
968 1127 1076 1198 αὐτὸν
1101 1131 1168 1212 ἕξει

149 1238 260 1324 λόγον.

217 1347 269 1411 33.
308 1341 398 1409 Ἐπεὶ
421 1339 484 1427 γάρ
509 1343 600 1410 ἐστιν
628 1368 658 1430 p.
682 1344 737 1426 36,
764 1344 817 1424 12]
846 1338 891 1422 ὡς
915 1340 952 1410 δὲ
974 1338 995 1427 ἡ
1018 1345 1083 1410 τοῦ
1102 1346 1167 1411 δω-

151 1450 337 1532 δεκαέδρου
350 1445 528 1532 ἐπιφάνεια
547 1446 630 1534 πρὸς
646 1444 711 1533 τὴν
728 1449 789 1515 τοῦ
808 1449 1037 1535 εἰκοσαέδρου,
1057 1447 1166 1530 οὕτως

99 1578 132 1627 ιο
150 1552 170 1641 ἡ
186 1559 247 1622 τοῦ
262 1553 368 1639 κύβου
382 1552 509 1639 πλευρὰ
526 1552 609 1640 πρὸς
621 1551 685 1639 τὴν
699 1557 761 1621 τοῦ
775 1556 991 1641 εἰκοσαέδρου
1004 1556 1165 1642 πλευράν.

505 1855 550 1920 In
573 1857 715 1922 librum
738 1855 807 1922 XV.

220 1987 246 2046 1.
281 1976 358 2044 Ἀντδ
382 1978 444 2062 μὲν
467 1988 528 2046 τοῦ
547 1984 581 2045 K
603 1980 656 2046 έπὶ
678 1976 716 2047 τὸ
737 1985 880 2063 ΕΖΛΘ,
902 1976 968 2046 ἀπὸ
992 1978 1031 2047 δέ
1052 1984 1115 2048 τοῦ
1135 1987 1165 2048 Α

152 2086 205 2153 ἐπὶ
227 2083 264 2152 τὸ
292 2090 437 2169 ΖΗΘΚ,
462 2082 527 2152 ἀπὸ
552 2084 589 2153 δὲ
611 2089 672 2153 τοτ’
697 2093 726 2152 Θ
748 2085 801 2153 ἐπὶ
824 2083 861 2153 τὸ
885 2089 1039 2153 ΗΕΚΛ.

218 2196 249 2259 2.
277 2189 384 2258 Ἔστω
409 2190 505 2276 βάσις
528 2196 715 2279 πυραμίδος
731 2196 899 2278 τρίγωνον
916 2188 954 2258 τὸ
974 2198 1088 2278 ΑΒΓ,
1110 2193 1166 2261 καὶ

151 2297 327 2383 τετμήσθω
356 2297 376 2385 ἡ
406 2299 467 2384 μὲν
491 2305 556 2365 ΑΒ
584 2297 710 2383 πλευρὰ
739 2299 821 2364 κατὰ
850 2296 887 2365 τὸ
912 2305 956 2382 Ε,
987 2294 1010 2384 ἡ
1039 2298 1079 2367 δὲ
1102 2304 1170 2367 ΑΓ

100 2425 133 2473 15
152 2402 234 2469 κατὰ
261 2402 298 2470 τὸ
323 2411 372 2488 H,
400 2402 421 2491 ἡ
450 2404 487 2472 δὲ
511 2410 576 2472 ΒΓ
598 2401 681 2471 κατὰ
702 2401 741 2471 τὸ
766 2408 837 2488 [Ζ],
864 2403 885 2489 ἡ
911 2404 949 2472 δέ
970 2408 1034 2472 τοῦ
1056 2402 1166 2486 ὕψους

152 2508 278 2596 πλευρὰ
301 2506 322 2596 ἡ
346 2509 407 2594 μὲν
431 2518 503 2576 ΛΔ
524 2509 607 2578 κατὰ
630 2509 668 2577 τὸ
692 2518 734 2595 Θ,
758 2508 778 2594 ἡ
803 2510 841 2577 δὲ
863 2517 930 2577 ΒΔ
953 2509 1037 2579 κατὰ
1060 2510 1100 2580 τὸ
1124 2517 1165 2596 Κ,

153 2613 173 2699 ἡ
198 2614 235 2683 δέ
260 2620 321 2682 ΓΔ
348 2612 430 2681 κατὰ
458 2615 496 2684 τὸ
520 2624 561 2683 Λ.
606 2618 675 2684 ἐπεὶ
704 2608 767 2684 οὖν
795 2613 815 2702 ἡ
841 2623 905 2683 ΑΒ
933 2617 1018 2703 πρός
1039 2644 1076 2686 τε
1103 2618 1165 2705 τὴν

153 2723 189 2788 έν
222 2724 267 2811 τῷ
300 2717 506 2813 ὑποκειμένῳ
539 2721 693 2813 τριμιύνςο
729 2726 774 2814 τῷ
808 2727 918 2790 ΑΒΓ
948 2725 1165 2812 παράλληλον

152 2826 303 2912 ἠρμένην
327 2824 411 2915 αὐτῇ
433 2826 495 2912 τὴν
513 2835 581 2895 ΗΖ
603 2828 659 2895 καὶ
681 2826 744 2913 τὴν
768 2829 805 2895 έν
824 2832 868 2918 τῷ
885 2835 990 2896 ΑΔΒ
1014 2826 1165 2917 ἡμμένην

98 2956 134 3005 20
153 2933 368 3018 παράλληλον
386 2933 448 3019 τὴν
467 2940 533 3002 ΚΘ
555 2933 615 3001 τὸν
638 2930 741 3001 αὐτὸν
758 2939 824 3021 ἔχει
842 2931 956 3019 λόγον,
980 2934 1067 3021 πρὸς
1088 2933 1110 3004 ἃ
1128 2934 1165 3004 δὲ

152 3038 190 3107 τὸ
211 3036 293 3106 αύτὸ
311 3037 372 3106 τὸν
391 3037 497 3108 αὐτὸν
515 3045 581 3127 ἔχει
599 3038 714 3126 λόμον,
735 3047 791 3106 ἴσα
809 3037 977 3126 ἀλλήλοις,
996 3048 1055 3127 ἴση
1075 3042 1164 3110 ἐστὶν

153 3143 173 3229 ἡ
198 3152 267 3214 ΘΚ
286 3148 326 3233 τῇ
346 3153 427 3212 ΗΖ·
457 3150 494 3214 αἱ
514 3145 576 3232 μὰρ
599 3144 806 3233 παράλληλοι
827 3149 867 3234 τῇ
887 3153 953 3214 AB
976 3143 997 3231 ἡ
1021 3154 1092 3216 ΘΚ
1112 3147 1166 3215 καὶ

153 3249 173 3336 ἡ
193 3258 230 3317 Η
234 3258 260 3317 Ζ
284 3247 454 3335 ἀνάλογον
475 3253 633 3338 τέμνουσι
656 3250 715 3331 τὰς
736 3256 798 3319 τοῦ
819 3250 988 3337 τριγώνου
1011 3253 1166 3340 πλευράς.

152 3396 366 3403 ————-

224 3463 333 3519 νυνι.
423 3470 466 3520 οε.
485 3463 531 3520 v’.
572 3496 642 3504 -
683 3470 707 3517 1.
727 3462 764 3517 ν’
783 3462 831 3533 (ad
848 3482 875 3532 p.
890 3469 934 3531 ιε,
953 3466 991 3531 ι).
1084 3464 1166 3522 αι·

152 3533 200 3602 (ad
220 3553 245 3603 p.
262 3540 305 3601 40,
327 3537 430 3604 10⁸4).

152 3663 365 3671 ——...—-.

223 3734 248 3783 3.
272 3729 345 3800 τῶν]
369 3730 417 3799 τῆς
439 3729 478 3798 V,
505 3735 538 3787 ut
560 3729 679 3786 uidetur.
777 3734 802 3784 δ.
826 3729 894 3800 τῶν]
920 3730 971 3798 τῆς
994 3729 1027 3787 V.
1123 3737 1165 3787 11.

148 3799 276 3873 ΕΖΛΘ]
297 3801 322 3858 Θ
340 3817 356 3857 ο
375 3817 445 3859 cort.
464 3801 496 3856 V.
572 3807 612 3855 15.
632 3801 667 3872 Z]
687 3817 766 3857 eunn.
785 3799 819 3855 V.
