<?xml version="1.0" encoding="UTF-8"?>
<!DOCTYPE html PUBLIC "-//W3C//DTD XHTML 1.0 Transitional//EN"
    "http://www.w3.org/TR/xhtml1/DTD/xhtml1-transitional.dtd">
<html xmlns="http://www.w3.org/1999/xhtml" xml:lang="en" lang="en">
 <head>
  <title>
</title>
<meta http-equiv="Content-Type" content="text/html;charset=utf-8" />
  <meta name='ocr-system' content='tesseract 3.04.00' />
  <meta name='ocr-capabilities' content='ocr_page ocr_carea ocr_par ocr_line ocrx_word'/>
</head>
<body>
  <div class='ocr_page' id='page_1' title='image "./euclidisoperaom10unkngoog_0232.png"; bbox 0 0 2414 4236; ppageno 0'>
   <div class='ocr_carea' id='block_1_1' title="bbox 227 503 1082 572">
    <p class='ocr_par' dir='ltr' id='par_1_1' title="bbox 227 503 1082 572">
     <span class='ocr_line' id='line_1_1' title="bbox 227 503 1082 572; baseline 0.019 -16"><span class='ocrx_word' id='word_1_1' title='bbox 227 503 386 557; x_wconf 77' lang='lat' dir='ltr'><strong>sonom</strong></span> <span class='ocrx_word' id='word_1_2' title='bbox 401 506 442 558; x_wconf 79' lang='lat' dir='ltr'><strong>m</strong></span> <span class='ocrx_word' id='word_1_3' title='bbox 458 507 736 559; x_wconf 75' lang='grc' dir='ltr'><strong><em>οῑιιιιοειτοιιοιι</em></strong></span> <span class='ocrx_word' id='word_1_4' title='bbox 752 508 928 565; x_wconf 69' lang='lat' dir='ltr'><strong><em>mum</em></strong></span> <span class='ocrx_word' id='word_1_5' title='bbox 1018 507 1082 572; x_wconf 86' lang='lat'><strong><em>103</em></strong></span> 
     </span>
    </p>
   </div>
   <div class='ocr_carea' id='block_1_2' title="bbox 61 641 1139 3386">
    <p class='ocr_par' dir='ltr' id='par_1_2' title="bbox 61 641 1139 3386">
     <span class='ocr_line' id='line_1_2' title="bbox 61 641 1082 736; baseline 0.003 -21"><span class='ocrx_word' id='word_1_6' title='bbox 61 654 150 727; x_wconf 82' lang='grc' dir='ltr'><strong><em>λ’σας.</em></strong></span> <span class='ocrx_word' id='word_1_7' title='bbox 177 641 282 727; x_wconf 85' lang='grc' dir='ltr'><strong><em>αότός</em></strong></span> <span class='ocrx_word' id='word_1_8' title='bbox 300 643 339 713; x_wconf 77' lang='grc' dir='ltr'><strong><em>δὲ</em></strong></span> <span class='ocrx_word' id='word_1_9' title='bbox 356 647 410 714; x_wconf 80' lang='grc' dir='ltr'><strong><em>ἐπὶ</em></strong></span> <span class='ocrx_word' id='word_1_10' title='bbox 428 648 491 715; x_wconf 82' lang='grc' dir='ltr'><strong><em>τού</em></strong></span> <span class='ocrx_word' id='word_1_11' title='bbox 508 647 732 734; x_wconf 78' lang='grc' dir='ltr'><strong><em>βομβοειὸοῦς</em></strong></span> <span class='ocrx_word' id='word_1_12' title='bbox 745 646 853 734; x_wconf 91' lang='grc' dir='ltr'><strong><em>μόνον</em></strong></span> <span class='ocrx_word' id='word_1_13' title='bbox 867 651 966 717; x_wconf 81' lang='grc' dir='ltr'><strong><em>τοῦτο</em></strong></span> <span class='ocrx_word' id='word_1_14' title='bbox 981 670 1082 736; x_wconf 90' lang='grc' dir='ltr'><strong><em>προσ-</em></strong></span> 
     </span>
     <span class='ocr_line' id='line_1_3' title="bbox 64 749 1083 843; baseline 0.002 -22"><span class='ocrx_word' id='word_1_15' title='bbox 64 754 201 838; x_wconf 71' lang='grc' dir='ltr'><strong><em>έθηκεν,</em></strong></span> <span class='ocrx_word' id='word_1_16' title='bbox 224 752 283 817; x_wconf 77' lang='grc' dir='ltr'><strong><em>ἵνα</em></strong></span> <span class='ocrx_word' id='word_1_17' title='bbox 305 749 351 838; x_wconf 79' lang='grc' dir='ltr'><strong><em>μή</em></strong></span> <span class='ocrx_word' id='word_1_18' title='bbox 376 750 432 819; x_wconf 82' lang='grc' dir='ltr'><strong><em>όιά</em></strong></span> <span class='ocrx_word' id='word_1_19' title='bbox 455 756 566 832; x_wconf 70' lang='grc' dir='ltr'><strong><em>ψιλῶν</em></strong></span> <span class='ocrx_word' id='word_1_20' title='bbox 588 749 670 821; x_wconf 81' lang='grc' dir='ltr'><strong><em>αὐτὸ</em></strong></span> <span class='ocrx_word' id='word_1_21' title='bbox 694 753 889 843; x_wconf 76' lang='grc' dir='ltr'><strong><em>παραστήσῃ</em></strong></span> <span class='ocrx_word' id='word_1_22' title='bbox 913 758 983 823; x_wconf 79' lang='grc' dir='ltr'><strong><em>τόν</em></strong></span> <span class='ocrx_word' id='word_1_23' title='bbox 1000 754 1083 824; x_wconf 88' lang='grc' dir='ltr'><strong><em>άπο-</em></strong></span> 
     </span>
     <span class='ocr_line' id='line_1_4' title="bbox 63 854 1081 948; baseline 0.003 -21"><span class='ocrx_word' id='word_1_24' title='bbox 63 857 204 945; x_wconf 80' lang='grc' dir='ltr'><strong><em>φάσεων</em></strong></span> <span class='ocrx_word' id='word_1_25' title='bbox 228 854 306 926; x_wconf 77' lang='grc' dir='ltr'><strong><em>οὔτε</em></strong></span> <span class='ocrx_word' id='word_1_26' title='bbox 329 857 534 945; x_wconf 75' lang='grc' dir='ltr'><strong><em>ἰσόπλευρον</em></strong></span> <span class='ocrx_word' id='word_1_27' title='bbox 551 856 629 928; x_wconf 83' lang='grc' dir='ltr'><strong><em>οότε</em></strong></span> <span class='ocrx_word' id='word_1_28' title='bbox 647 855 865 945; x_wconf 74' lang='grc' dir='ltr'><em>ὀρθογώνιον</em></span> <span class='ocrx_word' id='word_1_29' title='bbox 883 861 997 929; x_wconf 79' lang='grc' dir='ltr'><strong><em>εἰπόν.</em></strong></span> <span class='ocrx_word' id='word_1_30' title='bbox 1027 860 1081 948; x_wconf 76' lang='grc' dir='ltr'><strong><em>ἐφ’</em></strong></span> 
     </span>
     <span class='ocr_line' id='line_1_5' title="bbox 65 956 1083 1051; baseline 0.001 -17"><span class='ocrx_word' id='word_1_31' title='bbox 65 956 118 1034; x_wconf 75' lang='grc' dir='ltr'><strong><em>ὧν</em></strong></span> <span class='ocrx_word' id='word_1_32' title='bbox 139 966 204 1050; x_wconf 77' lang='grc' dir='ltr'><strong><em>γὰρ</em></strong></span> <span class='ocrx_word' id='word_1_33' title='bbox 227 962 426 1045; x_wconf 78' lang='grc' dir='ltr'><strong><em>ίόιαζόντων</em></strong></span> <span class='ocrx_word' id='word_1_34' title='bbox 445 960 638 1051; x_wconf 76' lang='grc' dir='ltr'><strong><em>ἀποροῦμεν</em></strong></span> <span class='ocrx_word' id='word_1_35' title='bbox 657 962 780 1050; x_wconf 90' lang='grc' dir='ltr'><strong><em>λόγων,</em></strong></span> <span class='ocrx_word' id='word_1_36' title='bbox 803 964 995 1051; x_wconf 80' lang='grc' dir='ltr'><strong><em>χρήσασθαι</em></strong></span> <span class='ocrx_word' id='word_1_37' title='bbox 1012 980 1083 1047; x_wconf 79' lang='grc' dir='ltr'><strong><em>τοῖς</em></strong></span> 
     </span>
     <span class='ocr_line' id='line_1_6' title="bbox 64 1065 1135 1155; baseline 0.005 -16"><span class='ocrx_word' id='word_1_38' title='bbox 64 1083 194 1149; x_wconf 78' lang='grc' dir='ltr'><strong><em>κοινοῖς</em></strong></span> <span class='ocrx_word' id='word_1_39' title='bbox 216 1065 417 1155; x_wconf 79' lang='grc' dir='ltr'><strong><em>άναγκαῖον·</em></strong></span> <span class='ocrx_word' id='word_1_40' title='bbox 450 1070 503 1136; x_wconf 87' lang='grc' dir='ltr'><strong><em>ότι</em></strong></span> <span class='ocrx_word' id='word_1_41' title='bbox 527 1068 565 1137; x_wconf 73' lang='grc' dir='ltr'><strong><em>δὲ</em></strong></span> <span class='ocrx_word' id='word_1_42' title='bbox 587 1068 724 1138; x_wconf 87' lang='grc' dir='ltr'><strong><em>πάντων</em></strong></span> <span class='ocrx_word' id='word_1_43' title='bbox 747 1071 817 1137; x_wconf 76' lang='grc' dir='ltr'><strong><em>ἐστὶ</em></strong></span> <span class='ocrx_word' id='word_1_44' title='bbox 840 1076 938 1140; x_wconf 85' lang='grc' dir='ltr'><strong><em>τοῦτο</em></strong></span> <span class='ocrx_word' id='word_1_45' title='bbox 962 1072 1082 1142; x_wconf 85' lang='grc' dir='ltr'><strong><em>κοινὸν</em></strong></span> <span class='ocrx_word' id='word_1_46' title='bbox 1119 1094 1135 1144; x_wconf 79' lang='grc' dir='ltr'><strong><em>ο</em></strong></span> 
     </span>
     <span class='ocr_line' id='line_1_7' title="bbox 63 1171 1083 1266; baseline 0.001 -19"><span class='ocrx_word' id='word_1_47' title='bbox 63 1181 133 1247; x_wconf 72' lang='grc' dir='ltr'><strong><em>τόν</em></strong></span> <span class='ocrx_word' id='word_1_48' title='bbox 145 1175 515 1264; x_wconf 74' lang='grc' dir='ltr'><strong><em>παραλληλογράμμων,</em></strong></span> <span class='ocrx_word' id='word_1_49' title='bbox 531 1171 638 1244; x_wconf 82' lang='grc' dir='ltr'><strong><em>αὐτοῦ</em></strong></span> <span class='ocrx_word' id='word_1_50' title='bbox 652 1175 847 1256; x_wconf 76' lang='grc' dir='ltr'><strong><em>δεικνύντος</em></strong></span> <span class='ocrx_word' id='word_1_51' title='bbox 856 1173 1083 1266; x_wconf 74' lang='grc' dir='ltr'><strong><em>ἀκουσόμεθα.</em></strong></span> 
     </span>
     <span class='ocr_line' id='line_1_8' title="bbox 63 1279 1084 1371; baseline 0.001 -19"><span class='ocrx_word' id='word_1_52' title='bbox 63 1290 176 1353; x_wconf 76' lang='grc' dir='ltr'><strong><em>ἔοικεν</em></strong></span> <span class='ocrx_word' id='word_1_53' title='bbox 204 1281 242 1350; x_wconf 71' lang='grc' dir='ltr'><strong><em>δὲ</em></strong></span> <span class='ocrx_word' id='word_1_54' title='bbox 272 1282 329 1349; x_wconf 81' lang='grc' dir='ltr'><strong><em>καλ</em></strong></span> <span class='ocrx_word' id='word_1_55' title='bbox 356 1279 374 1350; x_wconf 87' lang='grc' dir='ltr'><strong><em>ό</em></strong></span> <span class='ocrx_word' id='word_1_56' title='bbox 403 1281 531 1370; x_wconf 79' lang='grc' dir='ltr'><strong><em>βόμβος</em></strong></span> <span class='ocrx_word' id='word_1_57' title='bbox 557 1282 725 1350; x_wconf 74' lang='grc' dir='ltr'><strong><em>σαλενθὲν</em></strong></span> <span class='ocrx_word' id='word_1_58' title='bbox 752 1280 841 1350; x_wconf 79' lang='grc' dir='ltr'><strong><em>εἶναι</em></strong></span> <span class='ocrx_word' id='word_1_59' title='bbox 872 1283 1084 1371; x_wconf 86' lang='grc' dir='ltr'><strong><em>τετράγωνον</em></strong></span> 
     </span>
     <span class='ocr_line' id='line_1_9' title="bbox 61 1386 1082 1476; baseline -0.001 -18"><span class='ocrx_word' id='word_1_60' title='bbox 61 1391 121 1458; x_wconf 84' lang='grc' dir='ltr'><strong><em>καλ</em></strong></span> <span class='ocrx_word' id='word_1_61' title='bbox 142 1386 182 1458; x_wconf 85' lang='grc' dir='ltr'><strong><em>τὸ</em></strong></span> <span class='ocrx_word' id='word_1_62' title='bbox 206 1386 405 1476; x_wconf 72' lang='grc' dir='ltr'><strong><em>βομβοειδλς</em></strong></span> <span class='ocrx_word' id='word_1_63' title='bbox 426 1389 646 1474; x_wconf 79' lang='grc' dir='ltr'><strong><em>κεκινημένον</em></strong></span> <span class='ocrx_word' id='word_1_64' title='bbox 672 1388 878 1475; x_wconf 79' lang='grc' dir='ltr'><strong><em>ἑτερόμηκες·</em></strong></span> <span class='ocrx_word' id='word_1_65' title='bbox 916 1388 970 1457; x_wconf 76' lang='grc' dir='ltr'><strong><em>διὸ</em></strong></span> <span class='ocrx_word' id='word_1_66' title='bbox 999 1390 1082 1458; x_wconf 86' lang='grc' dir='ltr'><strong><em>κατά</em></strong></span> 
     </span>
     <span class='ocr_line' id='line_1_10' title="bbox 63 1491 1084 1582; baseline -0.001 -17"><span class='ocrx_word' id='word_1_67' title='bbox 63 1495 126 1577; x_wconf 82' lang='grc' dir='ltr'><strong><em>τὰς</em></strong></span> <span class='ocrx_word' id='word_1_68' title='bbox 148 1492 294 1582; x_wconf 75' lang='grc' dir='ltr'><strong><em>πλευρὰς</em></strong></span> <span class='ocrx_word' id='word_1_69' title='bbox 317 1491 359 1562; x_wconf 87' lang='grc' dir='ltr'><strong><em>ού</em></strong></span> <span class='ocrx_word' id='word_1_70' title='bbox 383 1495 556 1581; x_wconf 76' lang='grc' dir='ltr'><strong><em>διέστηκεν</em></strong></span> <span class='ocrx_word' id='word_1_71' title='bbox 575 1498 678 1562; x_wconf 78' lang='grc' dir='ltr'><strong><em>ταῦτα</em></strong></span> <span class='ocrx_word' id='word_1_72' title='bbox 697 1497 843 1577; x_wconf 83' lang='grc' dir='ltr'><strong><em>ἐκείνων,</em></strong></span> <span class='ocrx_word' id='word_1_73' title='bbox 867 1493 950 1563; x_wconf 83' lang='grc' dir='ltr'><strong><em>κατὰ</em></strong></span> <span class='ocrx_word' id='word_1_74' title='bbox 970 1495 1008 1563; x_wconf 70' lang='grc' dir='ltr'><strong><em>δὲ</em></strong></span> <span class='ocrx_word' id='word_1_75' title='bbox 1025 1494 1084 1577; x_wconf 86' lang='grc' dir='ltr'><strong><em>τάς</em></strong></span> 
     </span>
     <span class='ocr_line' id='line_1_11' title="bbox 63 1598 1137 1688; baseline 0.001 -17"><span class='ocrx_word' id='word_1_76' title='bbox 63 1605 136 1671; x_wconf 81' lang='grc' dir='ltr'><strong><em>τῶν</em></strong></span> <span class='ocrx_word' id='word_1_77' title='bbox 158 1603 293 1685; x_wconf 78' lang='grc' dir='ltr'><strong><em>γωνιῶν</em></strong></span> <span class='ocrx_word' id='word_1_78' title='bbox 314 1598 525 1687; x_wconf 86' lang='grc' dir='ltr'><strong><em>άμβλύτητας</em></strong></span> <span class='ocrx_word' id='word_1_79' title='bbox 551 1601 607 1667; x_wconf 78' lang='grc' dir='ltr'><strong><em>καὶ</em></strong></span> <span class='ocrx_word' id='word_1_80' title='bbox 635 1600 794 1688; x_wconf 86' lang='grc' dir='ltr'><strong><em>ὀξύτητας</em></strong></span> <span class='ocrx_word' id='word_1_81' title='bbox 821 1603 959 1670; x_wconf 79' lang='grc' dir='ltr'><strong><em>ἐκείνων</em></strong></span> <span class='ocrx_word' id='word_1_82' title='bbox 982 1600 1084 1688; x_wconf 76' lang='grc' dir='ltr'><strong><em>ὀρθο·</em></strong></span> <span class='ocrx_word' id='word_1_83' title='bbox 1104 1622 1137 1672; x_wconf 88' lang='lat'><strong><em>10</em></strong></span> 
     </span>
     <span class='ocr_line' id='line_1_12' title="bbox 64 1703 1081 1795; baseline 0.001 -19"><span class='ocrx_word' id='word_1_84' title='bbox 64 1712 202 1795; x_wconf 87' lang='grc' dir='ltr'><strong><em>γωνίων</em></strong></span> <span class='ocrx_word' id='word_1_85' title='bbox 225 1703 344 1775; x_wconf 87' lang='grc' dir='ltr'><strong><em>όντων.</em></strong></span> <span class='ocrx_word' id='word_1_86' title='bbox 389 1705 450 1774; x_wconf 74' lang='grc' dir='ltr'><strong><em>ἐὰν</em></strong></span> <span class='ocrx_word' id='word_1_87' title='bbox 473 1705 538 1792; x_wconf 81' lang='grc' dir='ltr'><strong><em>γὰρ</em></strong></span> <span class='ocrx_word' id='word_1_88' title='bbox 561 1705 687 1795; x_wconf 88' lang='grc' dir='ltr'><strong><em>νοήσης</em></strong></span> <span class='ocrx_word' id='word_1_89' title='bbox 706 1706 745 1775; x_wconf 91' lang='grc' dir='ltr'><strong><em>τὸ</em></strong></span> <span class='ocrx_word' id='word_1_90' title='bbox 768 1707 980 1795; x_wconf 86' lang='grc' dir='ltr'><strong><em>τετράγωνον</em></strong></span> <span class='ocrx_word' id='word_1_91' title='bbox 1004 1705 1081 1795; x_wconf 86' lang='grc' dir='ltr'><strong><em>ήτὸ</em></strong></span> 
     </span>
     <span class='ocr_line' id='line_1_13' title="bbox 63 1808 1082 1904; baseline -0.001 -20"><span class='ocrx_word' id='word_1_92' title='bbox 63 1813 260 1904; x_wconf 74' lang='grc' dir='ltr'><strong><em>ἑτερόμηκες</em></strong></span> <span class='ocrx_word' id='word_1_93' title='bbox 281 1809 365 1879; x_wconf 80' lang='grc' dir='ltr'><strong><em>κατὰ</em></strong></span> <span class='ocrx_word' id='word_1_94' title='bbox 387 1810 447 1891; x_wconf 78' lang='grc' dir='ltr'><strong><em>τὰς</em></strong></span> <span class='ocrx_word' id='word_1_95' title='bbox 469 1808 671 1890; x_wconf 85' lang='grc' dir='ltr'><strong><em>άπεναντίας</em></strong></span> <span class='ocrx_word' id='word_1_96' title='bbox 699 1819 825 1899; x_wconf 78' lang='grc' dir='ltr'><strong><em>γωνίας</em></strong></span> <span class='ocrx_word' id='word_1_97' title='bbox 854 1816 1082 1902; x_wconf 78' lang='grc' dir='ltr'><strong><em>ὃιελκόμενον,</em></strong></span> 
     </span>
     <span class='ocr_line' id='line_1_14' title="bbox 64 1916 1083 2009; baseline -0.002 -19"><span class='ocrx_word' id='word_1_98' title='bbox 64 1917 219 2009; x_wconf 79' lang='grc' dir='ltr'><strong><em>εὑρήσεις</em></strong></span> <span class='ocrx_word' id='word_1_99' title='bbox 231 1916 355 1999; x_wconf 89' lang='grc' dir='ltr'><strong><em>ταύτας</em></strong></span> <span class='ocrx_word' id='word_1_100' title='bbox 372 1916 434 2004; x_wconf 71' lang='grc' dir='ltr'><strong><em>μὲν</em></strong></span> <span class='ocrx_word' id='word_1_101' title='bbox 453 1920 685 2005; x_wconf 82' lang='grc' dir='ltr'><strong><em>συναγομένας</em></strong></span> <span class='ocrx_word' id='word_1_102' title='bbox 703 1920 759 1987; x_wconf 83' lang='grc' dir='ltr'><strong><em>καλ</em></strong></span> <span class='ocrx_word' id='word_1_103' title='bbox 773 1917 881 2002; x_wconf 80' lang='grc' dir='ltr'><strong><em>ὀξείας</em></strong></span> <span class='ocrx_word' id='word_1_104' title='bbox 895 1923 1083 2008; x_wconf 79' lang='grc' dir='ltr'><strong><em>γινομένας,</em></strong></span> 
     </span>
     <span class='ocr_line' id='line_1_15' title="bbox 64 2021 1082 2114; baseline -0.001 -18"><span class='ocrx_word' id='word_1_105' title='bbox 64 2026 126 2106; x_wconf 82' lang='grc' dir='ltr'><strong><em>τὰς</em></strong></span> <span class='ocrx_word' id='word_1_106' title='bbox 143 2026 180 2093; x_wconf 79' lang='grc' dir='ltr'><strong><em>βλ</em></strong></span> <span class='ocrx_word' id='word_1_107' title='bbox 194 2021 314 2104; x_wconf 78' lang='grc' dir='ltr'><strong><em>λοιπὰς</em></strong></span> <span class='ocrx_word' id='word_1_108' title='bbox 327 2026 540 2112; x_wconf 80' lang='grc' dir='ltr'><strong><em>διισταμίνας</em></strong></span> <span class='ocrx_word' id='word_1_109' title='bbox 556 2025 612 2093; x_wconf 79' lang='grc' dir='ltr'><strong><em>καὶ</em></strong></span> <span class='ocrx_word' id='word_1_110' title='bbox 628 2024 785 2112; x_wconf 77' lang='grc' dir='ltr'><strong><em>ἀμβλείας</em></strong></span> <span class='ocrx_word' id='word_1_111' title='bbox 799 2023 1082 2114; x_wconf 80' lang='grc' dir='ltr'><strong><em>άναφαινομένας.</em></strong></span> 
     </span>
     <span class='ocr_line' id='line_1_16' title="bbox 63 2129 1136 2223; baseline 0.001 -23"><span class='ocrx_word' id='word_1_112' title='bbox 63 2131 125 2201; x_wconf 84' lang='grc' dir='ltr'><strong><em>καλ</em></strong></span> <span class='ocrx_word' id='word_1_113' title='bbox 151 2136 258 2200; x_wconf 75' lang='grc' dir='ltr'><strong><em>ἔοικεν</em></strong></span> <span class='ocrx_word' id='word_1_114' title='bbox 285 2132 342 2198; x_wconf 77' lang='grc' dir='ltr'><strong><em>καὶ</em></strong></span> <span class='ocrx_word' id='word_1_115' title='bbox 369 2129 407 2199; x_wconf 89' lang='grc' dir='ltr'><strong><em>τὸ</em></strong></span> <span class='ocrx_word' id='word_1_116' title='bbox 435 2129 544 2218; x_wconf 82' lang='grc' dir='ltr'><strong><em>ὄνομα</em></strong></span> <span class='ocrx_word' id='word_1_117' title='bbox 570 2135 617 2223; x_wconf 78' lang='grc' dir='ltr'><strong><em>τῷ</em></strong></span> <span class='ocrx_word' id='word_1_118' title='bbox 640 2133 755 2222; x_wconf 78' lang='grc' dir='ltr'><strong><em>ῥόμβῳ</em></strong></span> <span class='ocrx_word' id='word_1_119' title='bbox 778 2141 912 2200; x_wconf 76' lang='grc' dir='ltr'><strong><em>κεῖσθαι</em></strong></span> <span class='ocrx_word' id='word_1_120' title='bbox 935 2131 1001 2201; x_wconf 87' lang='grc' dir='ltr'><strong><em>άπὸ</em></strong></span> <span class='ocrx_word' id='word_1_121' title='bbox 1024 2137 1083 2219; x_wconf 87' lang='grc' dir='ltr'><strong><em>τής</em></strong></span> <span class='ocrx_word' id='word_1_122' title='bbox 1105 2153 1136 2201; x_wconf 82' lang='grc' dir='ltr'><strong><em>ιο</em></strong></span> 
     </span>
     <span class='ocr_line' id='line_1_17' title="bbox 64 2234 1083 2327; baseline -0.006 -17"><span class='ocrx_word' id='word_1_123' title='bbox 64 2237 243 2327; x_wconf 86' lang='grc' dir='ltr'><strong><em>κινήσεως·</em></strong></span> <span class='ocrx_word' id='word_1_124' title='bbox 266 2237 323 2305; x_wconf 79' lang='grc' dir='ltr'><strong><em>καὶ</em></strong></span> <span class='ocrx_word' id='word_1_125' title='bbox 341 2234 405 2325; x_wconf 79' lang='grc' dir='ltr'><strong><em>γάρ</em></strong></span> <span class='ocrx_word' id='word_1_126' title='bbox 428 2236 467 2306; x_wconf 88' lang='grc' dir='ltr'><strong><em>τὸ</em></strong></span> <span class='ocrx_word' id='word_1_127' title='bbox 485 2237 698 2325; x_wconf 89' lang='grc' dir='ltr'><strong><em>τετράγωνον</em></strong></span> <span class='ocrx_word' id='word_1_128' title='bbox 716 2241 747 2305; x_wconf 87' lang='grc' dir='ltr'><strong><em>εί</em></strong></span> <span class='ocrx_word' id='word_1_129' title='bbox 765 2237 919 2323; x_wconf 77' lang='grc' dir='ltr'><strong><em>νοήσεως</em></strong></span> <span class='ocrx_word' id='word_1_130' title='bbox 937 2237 1083 2324; x_wconf 82' lang='grc' dir='ltr'><strong><em>ῥομβού-</em></strong></span> 
     </span>
     <span class='ocr_line' id='line_1_18' title="bbox 62 2342 1083 2435; baseline -0.005 -21"><span class='ocrx_word' id='word_1_131' title='bbox 62 2373 182 2435; x_wconf 89' lang='grc' dir='ltr'><strong><em>μενον,</em></strong></span> <span class='ocrx_word' id='word_1_132' title='bbox 206 2350 365 2431; x_wconf 78' lang='grc' dir='ltr'><strong><em>φανεῖταί</em></strong></span> <span class='ocrx_word' id='word_1_133' title='bbox 380 2365 435 2412; x_wconf 90' lang='grc' dir='ltr'><strong><em>σοι</em></strong></span> <span class='ocrx_word' id='word_1_134' title='bbox 452 2343 536 2412; x_wconf 84' lang='grc' dir='ltr'><strong><em>κατὰ</em></strong></span> <span class='ocrx_word' id='word_1_135' title='bbox 559 2342 618 2422; x_wconf 84' lang='grc' dir='ltr'><strong><em>τὰς</em></strong></span> <span class='ocrx_word' id='word_1_136' title='bbox 636 2348 761 2429; x_wconf 82' lang='grc' dir='ltr'><strong><em>γωνίας</em></strong></span> <span class='ocrx_word' id='word_1_137' title='bbox 779 2344 1083 2429; x_wconf 83' lang='grc' dir='ltr'><strong><em>παρενηνεγμένον,</em></strong></span> 
     </span>
     <span class='ocr_line' id='line_1_19' title="bbox 65 2448 1083 2539; baseline -0.006 -18"><span class='ocrx_word' id='word_1_138' title='bbox 65 2450 180 2536; x_wconf 71' lang='grc' dir='ltr'><strong><em>ὥσπερ</em></strong></span> <span class='ocrx_word' id='word_1_139' title='bbox 200 2449 242 2539; x_wconf 76' lang='grc' dir='ltr'><strong><em>δή</em></strong></span> <span class='ocrx_word' id='word_1_140' title='bbox 261 2453 318 2519; x_wconf 84' lang='grc' dir='ltr'><strong><em>καλ</em></strong></span> <span class='ocrx_word' id='word_1_141' title='bbox 337 2448 356 2518; x_wconf 86' lang='grc' dir='ltr'><strong>ὁ</strong></span> <span class='ocrx_word' id='word_1_142' title='bbox 373 2449 496 2530; x_wconf 83' lang='grc' dir='ltr'><strong><em>κύκλος</em></strong></span> <span class='ocrx_word' id='word_1_143' title='bbox 515 2449 747 2538; x_wconf 78' lang='grc' dir='ltr'><strong><em>βομβούμενος</em></strong></span> <span class='ocrx_word' id='word_1_144' title='bbox 761 2454 905 2529; x_wconf 79' lang='grc' dir='ltr'><strong><em>ἔλλειψις</em></strong></span> <span class='ocrx_word' id='word_1_145' title='bbox 919 2453 1083 2535; x_wconf 86' lang='grc' dir='ltr'><strong><em>φαίνεται.</em></strong></span> 
     </span>
     <span class='ocr_line' id='line_1_20' title="bbox 68 2553 1087 2645; baseline -0.003 -19"><span class='ocrx_word' id='word_1_146' title='bbox 68 2558 146 2645; x_wconf 73' lang='grc' dir='ltr'><strong><em>περὶ</em></strong></span> <span class='ocrx_word' id='word_1_147' title='bbox 170 2556 208 2627; x_wconf 68' lang='grc' dir='ltr'><strong><em>δὲ</em></strong></span> <span class='ocrx_word' id='word_1_148' title='bbox 230 2555 337 2626; x_wconf 83' lang='grc' dir='ltr'><strong><em>αύτού</em></strong></span> <span class='ocrx_word' id='word_1_149' title='bbox 359 2560 421 2626; x_wconf 81' lang='grc' dir='ltr'><strong><em>τοῦ</em></strong></span> <span class='ocrx_word' id='word_1_150' title='bbox 441 2555 656 2643; x_wconf 76' lang='grc' dir='ltr'><strong><em>τετραγώνου</em></strong></span> <span class='ocrx_word' id='word_1_151' title='bbox 684 2555 854 2643; x_wconf 83' lang='grc' dir='ltr'><strong><em>ζητήσειας</em></strong></span> <span class='ocrx_word' id='word_1_152' title='bbox 881 2554 940 2641; x_wconf 86' lang='grc' dir='ltr'><strong><em>άν,</em></strong></span> <span class='ocrx_word' id='word_1_153' title='bbox 970 2553 1026 2623; x_wconf 81' lang='grc' dir='ltr'><strong><em>διὰ</em></strong></span> <span class='ocrx_word' id='word_1_154' title='bbox 1052 2563 1087 2623; x_wconf 86' lang='grc' dir='ltr'><strong><em>τί</em></strong></span> 
     </span>
     <span class='ocr_line' id='line_1_21' title="bbox 63 2659 1137 2751; baseline -0.003 -18"><span class='ocrx_word' id='word_1_155' title='bbox 63 2663 192 2750; x_wconf 87' lang='grc' dir='ltr'><strong><em>ταύτην</em></strong></span> <span class='ocrx_word' id='word_1_156' title='bbox 215 2669 311 2751; x_wconf 79' lang='grc' dir='ltr'><strong><em>ἔσχεν</em></strong></span> <span class='ocrx_word' id='word_1_157' title='bbox 328 2662 390 2751; x_wconf 86' lang='grc' dir='ltr'><strong><em>τήν</em></strong></span> <span class='ocrx_word' id='word_1_158' title='bbox 408 2668 650 2749; x_wconf 87' lang='grc' dir='ltr'><strong><em>προσηγορίαν,</em></strong></span> <span class='ocrx_word' id='word_1_159' title='bbox 674 2659 788 2730; x_wconf 79' lang='grc' dir='ltr'><strong><em>καλ’</em></strong></span> <span class='ocrx_word' id='word_1_160' title='bbox 749 2688 810 2750; x_wconf 82' lang='grc' dir='ltr'><strong><em>ουχ</em></strong></span> <span class='ocrx_word' id='word_1_161' title='bbox 829 2661 940 2750; x_wconf 91' lang='grc' dir='ltr'><strong><em>ωσπερ</em></strong></span> <span class='ocrx_word' id='word_1_162' title='bbox 958 2660 996 2730; x_wconf 90' lang='grc' dir='ltr'><strong><em>τὸ</em></strong></span> <span class='ocrx_word' id='word_1_163' title='bbox 1016 2666 1081 2748; x_wconf 87' lang='grc' dir='ltr'><strong><em>τρί-</em></strong></span> <span class='ocrx_word' id='word_1_164' title='bbox 1102 2681 1137 2730; x_wconf 75' lang='lat'><strong><em>20</em></strong></span> 
     </span>
     <span class='ocr_line' id='line_1_22' title="bbox 64 2766 1085 2858; baseline -0.004 -19"><span class='ocrx_word' id='word_1_165' title='bbox 64 2796 183 2858; x_wconf 86' lang='grc' dir='ltr'><strong><em>γωνον</em></strong></span> <span class='ocrx_word' id='word_1_166' title='bbox 204 2770 324 2837; x_wconf 87' lang='grc' dir='ltr'><strong><em>κοινόν</em></strong></span> <span class='ocrx_word' id='word_1_167' title='bbox 346 2772 416 2837; x_wconf 81' lang='grc' dir='ltr'><strong><em>ἐστι</em></strong></span> <span class='ocrx_word' id='word_1_168' title='bbox 436 2772 519 2837; x_wconf 83' lang='grc' dir='ltr'><strong><em>πᾶσι</em></strong></span> <span class='ocrx_word' id='word_1_169' title='bbox 540 2768 599 2835; x_wconf 81' lang='grc' dir='ltr'><strong><em>καὶ</em></strong></span> <span class='ocrx_word' id='word_1_170' title='bbox 621 2781 692 2847; x_wconf 81' lang='grc' dir='ltr'><strong><em>τοῖς</em></strong></span> <span class='ocrx_word' id='word_1_171' title='bbox 713 2767 759 2855; x_wconf 88' lang='grc' dir='ltr'><strong><em>μή</em></strong></span> <span class='ocrx_word' id='word_1_172' title='bbox 784 2773 976 2857; x_wconf 83' lang='grc' dir='ltr'><strong><em>ίσογωνίοις</em></strong></span> <span class='ocrx_word' id='word_1_173' title='bbox 999 2766 1085 2855; x_wconf 73' lang='grc' dir='ltr'><strong><em>μηδὲ</em></strong></span> 
     </span>
     <span class='ocr_line' id='line_1_23' title="bbox 65 2872 1083 2963; baseline -0.004 -18"><span class='ocrx_word' id='word_1_174' title='bbox 65 2873 283 2963; x_wconf 87' lang='grc' dir='ltr'><strong><em>ίσοπλεύροις</em></strong></span> <span class='ocrx_word' id='word_1_175' title='bbox 303 2874 410 2943; x_wconf 80' lang='grc' dir='ltr'><strong><em>καὶ</em></strong></span> <span class='ocrx_word' id='word_1_176' title='bbox 378 2901 416 2944; x_wconf 88' lang='grc' dir='ltr'><strong><em>το</em></strong></span> <span class='ocrx_word' id='word_1_177' title='bbox 435 2875 653 2960; x_wconf 82' lang='grc' dir='ltr'><strong><em>πεντάγωνον</em></strong></span> <span class='ocrx_word' id='word_1_178' title='bbox 672 2872 841 2960; x_wconf 83' lang='grc' dir='ltr'><strong><em>όσαότως,</em></strong></span> <span class='ocrx_word' id='word_1_179' title='bbox 865 2876 953 2944; x_wconf 81' lang='grc' dir='ltr'><strong><em>οὕτω</em></strong></span> <span class='ocrx_word' id='word_1_180' title='bbox 972 2876 1028 2942; x_wconf 81' lang='grc' dir='ltr'><strong><em>καὶ</em></strong></span> <span class='ocrx_word' id='word_1_181' title='bbox 1045 2901 1083 2942; x_wconf 91' lang='grc' dir='ltr'><strong><em>το</em></strong></span> 
     </span>
     <span class='ocr_line' id='line_1_24' title="bbox 64 2980 1086 3068; baseline -0.006 -16"><span class='ocrx_word' id='word_1_182' title='bbox 64 2980 280 3067; x_wconf 80' lang='grc' dir='ltr'><strong><em>τετράγωνον</em></strong></span> <span class='ocrx_word' id='word_1_183' title='bbox 311 2983 470 3068; x_wconf 79' lang='grc' dir='ltr'><strong><em>λέγεσθαι</em></strong></span> <span class='ocrx_word' id='word_1_184' title='bbox 504 2982 645 3049; x_wconf 77' lang='grc' dir='ltr'><strong><em>δύναται</em></strong></span> <span class='ocrx_word' id='word_1_185' title='bbox 675 2982 731 3048; x_wconf 85' lang='grc' dir='ltr'><strong><em>καὶ</em></strong></span> <span class='ocrx_word' id='word_1_186' title='bbox 763 3007 846 3047; x_wconf 91' lang='grc' dir='ltr'><strong><em>κατα</em></strong></span> <span class='ocrx_word' id='word_1_187' title='bbox 873 3007 942 3048; x_wconf 91' lang='grc' dir='ltr'><strong><em>των</em></strong></span> <span class='ocrx_word' id='word_1_188' title='bbox 972 2981 1086 3047; x_wconf 80' lang='grc' dir='ltr'><strong><em>ἄλλων</em></strong></span> 
     </span>
     <span class='ocr_line' id='line_1_25' title="bbox 64 3084 1087 3174; baseline -0.005 -18"><span class='ocrx_word' id='word_1_189' title='bbox 64 3086 330 3174; x_wconf 80' lang='grc' dir='ltr'><strong><em>τετραπλεύρων.</em></strong></span> <span class='ocrx_word' id='word_1_190' title='bbox 376 3086 477 3167; x_wconf 82' lang='grc' dir='ltr'><strong><em>αὐτὸς</em></strong></span> <span class='ocrx_word' id='word_1_191' title='bbox 499 3097 585 3172; x_wconf 86' lang='grc' dir='ltr'><strong><em>γοῦν</em></strong></span> <span class='ocrx_word' id='word_1_192' title='bbox 614 3084 632 3154; x_wconf 83' lang='grc' dir='ltr'>ὁ</span> <span class='ocrx_word' id='word_1_193' title='bbox 656 3088 843 3173; x_wconf 80' lang='grc' dir='ltr'><strong><em>γεωμέτρης</em></strong></span> <span class='ocrx_word' id='word_1_194' title='bbox 871 3085 920 3153; x_wconf 82' lang='grc' dir='ltr'><strong><em>ἐπ’</em></strong></span> <span class='ocrx_word' id='word_1_195' title='bbox 948 3087 1087 3152; x_wconf 79' lang='grc' dir='ltr'><strong><em>ἐκείνων</em></strong></span> 
     </span>
     <span class='ocr_line' id='line_1_26' title="bbox 64 3188 1139 3283; baseline -0.007 -17"><span class='ocrx_word' id='word_1_196' title='bbox 64 3199 271 3283; x_wconf 75' lang='grc' dir='ltr'><strong><em>προστίθησι</em></strong></span> <span class='ocrx_word' id='word_1_197' title='bbox 302 3198 470 3282; x_wconf 87' lang='grc' dir='ltr'><strong><em>τρίγωνον</em></strong></span> <span class='ocrx_word' id='word_1_198' title='bbox 503 3190 705 3279; x_wconf 82' lang='grc' dir='ltr'><strong><em>ἰσόπλευρον</em></strong></span> <span class='ocrx_word' id='word_1_199' title='bbox 739 3188 760 3278; x_wconf 85' lang='grc' dir='ltr'><strong><em>ή</em></strong></span> <span class='ocrx_word' id='word_1_200' title='bbox 793 3190 1028 3275; x_wconf 88' lang='grc' dir='ltr'><strong><em>πεντάγωνον,</em></strong></span> <span class='ocrx_word' id='word_1_201' title='bbox 1066 3188 1139 3259; x_wconf 76' lang='grc' dir='ltr'><strong><em>όιο</em></strong></span> 
     </span>
     <span class='ocr_line' id='line_1_27' title="bbox 69 3293 1087 3386; baseline -0.011 -14"><span class='ocrx_word' id='word_1_202' title='bbox 69 3304 162 3373; x_wconf 74' lang='grc' dir='ltr'><strong><em>ἐστιν</em></strong></span> <span class='ocrx_word' id='word_1_203' title='bbox 181 3299 385 3386; x_wconf 81' lang='grc' dir='ltr'><strong><em>ἰσόπλευρον</em></strong></span> <span class='ocrx_word' id='word_1_204' title='bbox 403 3297 459 3364; x_wconf 84' lang='grc' dir='ltr'><strong><em>καὶ</em></strong></span> <span class='ocrx_word' id='word_1_205' title='bbox 474 3296 668 3384; x_wconf 82' lang='grc' dir='ltr'><strong><em>ίσογάνιον,</em></strong></span> <span class='ocrx_word' id='word_1_206' title='bbox 688 3295 942 3383; x_wconf 80' lang='grc' dir='ltr'><strong><em>όςὸνναμένων</em></strong></span> <span class='ocrx_word' id='word_1_207' title='bbox 957 3293 1087 3363; x_wconf 86' lang='grc' dir='ltr'><strong><em>τούτων</em></strong></span> 
     </span>
    </p>
   </div>
   <div class='ocr_carea' id='block_1_3' title="bbox 65 3400 1087 3495">
    <p class='ocr_par' dir='ltr' id='par_1_3' title="bbox 65 3400 1087 3495">
     <span class='ocr_line' id='line_1_28' title="bbox 65 3400 1087 3495; baseline -0.012 -16"><span class='ocrx_word' id='word_1_208' title='bbox 65 3408 124 3479; x_wconf 81' lang='grc' dir='ltr'><strong><em>καὶ</em></strong></span> <span class='ocrx_word' id='word_1_209' title='bbox 156 3406 202 3495; x_wconf 81' lang='grc' dir='ltr'><strong><em>μή</em></strong></span> <span class='ocrx_word' id='word_1_210' title='bbox 234 3404 398 3475; x_wconf 86' lang='grc' dir='ltr'><strong><em>τοιούτων</em></strong></span> <span class='ocrx_word' id='word_1_211' title='bbox 431 3400 526 3472; x_wconf 78' lang='grc' dir='ltr'><strong><em>εἶναι.</em></strong></span> <span class='ocrx_word' id='word_1_212' title='bbox 590 3431 628 3472; x_wconf 92' lang='grc' dir='ltr'><strong><em>το</em></strong></span> <span class='ocrx_word' id='word_1_213' title='bbox 666 3403 704 3471; x_wconf 67' lang='grc' dir='ltr'><strong><em>δὲ</em></strong></span> <span class='ocrx_word' id='word_1_214' title='bbox 736 3401 946 3488; x_wconf 85' lang='grc' dir='ltr'><strong><em>τετράγωνον</em></strong></span> <span class='ocrx_word' id='word_1_215' title='bbox 979 3400 1087 3487; x_wconf 75' lang='grc' dir='ltr'><strong><em>ῥηθὲν</em></strong></span> 
     </span>
    </p>
   </div>
   <div class='ocr_carea' id='block_1_4' title="bbox 66 3625 1097 3846">
    <p class='ocr_par' dir='ltr' id='par_1_4' title="bbox 89 3625 1097 3846">
     <span class='ocr_line' id='line_1_29' title="bbox 140 3625 1088 3715; baseline -0.009 -24"><span class='ocrx_word' id='word_1_216' title='bbox 140 3642 165 3692; x_wconf 79' lang='lat'><strong><em>8.</em></strong></span> <span class='ocrx_word' id='word_1_217' title='bbox 183 3629 388 3706; x_wconf 76' lang='grc' dir='ltr'><strong><em>καραστήοηισ.</em></strong></span> <span class='ocrx_word' id='word_1_218' title='bbox 461 3638 486 3689; x_wconf 76' lang='grc'><strong><em>6.</em></strong></span> <span class='ocrx_word' id='word_1_219' title='bbox 507 3627 608 3704; x_wconf 82' lang='grc' dir='ltr'><strong><em>ότι]</em></strong></span> <span class='ocrx_word' id='word_1_220' title='bbox 591 3652 648 3688; x_wconf 85' lang='grc' dir='ltr'><strong><em>οτε.</em></strong></span> <span class='ocrx_word' id='word_1_221' title='bbox 721 3637 746 3688; x_wconf 88' lang='lat'><strong><em>8.</em></strong></span> <span class='ocrx_word' id='word_1_222' title='bbox 766 3628 970 3715; x_wconf 68' lang='grc' dir='ltr'><strong><em>κεκινημένον]</em></strong></span> <span class='ocrx_word' id='word_1_223' title='bbox 992 3625 1088 3698; x_wconf 76' lang='grc' dir='ltr'><strong><em>ἐκείνη</em></strong></span> 
     </span>
     <span class='ocr_line' id='line_1_30' title="bbox 66 3701 1087 3830; baseline -0.011 -65.744"><span class='ocrx_word' id='word_1_224' title='bbox 66 3706 170 3781; x_wconf 69' lang='grc' dir='ltr'><strong><em>μόνον·</em></strong></span> <span class='ocrx_word' id='word_1_225' title='bbox 189 3704 239 3763; x_wconf 72' lang='lat' dir='ltr'><strong><em>cfr.</em></strong></span> <span class='ocrx_word' id='word_1_226' title='bbox 254 3705 493 3830; x_wconf 32' lang='grc' dir='ltr'><strong><em>Ρῐοολοεῖη</em></strong></span> <span class='ocrx_word' id='word_1_227' title='bbox 433 3709 493 3771; x_wconf 78' lang='grc'><strong><em>171,</em></strong></span> <span class='ocrx_word' id='word_1_228' title='bbox 509 3708 551 3758; x_wconf 91' lang='lat'><strong><em>18.</em></strong></span> <span class='ocrx_word' id='word_1_229' title='bbox 626 3709 667 3759; x_wconf 86' lang='lat'><strong><em>11.</em></strong></span> <span class='ocrx_word' id='word_1_230' title='bbox 686 3701 811 3771; x_wconf 85' lang='grc' dir='ltr'><strong><em>νοήσηις,</em></strong></span> <span class='ocrx_word' id='word_1_231' title='bbox 830 3722 875 3758; x_wconf 89' lang='grc' dir='ltr'><strong><em>νο·</em></strong></span> <span class='ocrx_word' id='word_1_232' title='bbox 893 3702 922 3756; x_wconf 88' lang='lat' dir='ltr'><strong><em>in</em></strong></span> <span class='ocrx_word' id='word_1_233' title='bbox 941 3719 994 3756; x_wconf 76' lang='lat' dir='ltr'><strong><em>ras.</em></strong></span> <span class='ocrx_word' id='word_1_234' title='bbox 1010 3719 1047 3755; x_wconf 89' lang='lat' dir='ltr'><strong>m</strong></span> <span class='ocrx_word' id='word_1_235' title='bbox 1063 3705 1087 3754; x_wconf 92' lang='lat'><strong><em>1.</em></strong></span> 
     </span>
     <span class='ocr_line' id='line_1_31' title="bbox 106 3746 1097 3846; baseline -0.009 -11"><span class='ocrx_word' id='word_1_236' title='bbox 106 3786 151 3835; x_wconf 76' lang='lat'><strong><em>1⁸.</em></strong></span> <span class='ocrx_word' id='word_1_237' title='bbox 168 3778 268 3833; x_wconf 73' lang='grc' dir='ltr'><strong><em>ταῦτα.</em></strong></span> <span class='ocrx_word' id='word_1_238' title='bbox 324 3781 359 3830; x_wconf 77' lang='lat'><strong><em>14</em></strong></span> <span class='ocrx_word' id='word_1_239' title='bbox 405 3772 574 3846; x_wconf 78' lang='grc' dir='ltr'><strong><em>ησταμένας.</em></strong></span> <span class='ocrx_word' id='word_1_240' title='bbox 632 3780 673 3829; x_wconf 87' lang='grc'><strong><em>18.</em></strong></span> <span class='ocrx_word' id='word_1_241' title='bbox 694 3746 824 3839; x_wconf 76' lang='grc' dir='ltr'><strong><em>ἐλλίψεις.</em></strong></span> <span class='ocrx_word' id='word_1_242' title='bbox 879 3778 922 3830; x_wconf 77' lang='grc'><strong><em>27.</em></strong></span> <span class='ocrx_word' id='word_1_243' title='bbox 941 3769 1097 3845; x_wconf 53' lang='grc' dir='ltr'><strong><em>τοιοότωνή</em></strong></span> 
     </span>
    </p>
   </div>
   <div class='ocr_carea' id='block_1_5' title="bbox 65 3868 239 3907">
    <p class='ocr_par' dir='ltr' id='par_1_5' title="bbox 65 3868 239 3907">
     <span class='ocr_line' id='line_1_32' title="bbox 65 3868 239 3907; baseline -0.018 0"><span class='ocrx_word' id='word_1_244' title='bbox 65 3868 239 3907; x_wconf 62' lang='lat' dir='ltr'><strong><em>notemur.</em></strong></span> 
     </span>
    </p>
   </div>
   <div class='ocr_carea' id='block_1_6' title="bbox 0 0 1214 4236">
    <p class='ocr_par' dir='ltr' id='par_1_6' title="bbox 0 0 1214 4236">
     <span class='ocr_line' id='line_1_33' title="bbox 0 0 1214 4236; baseline 0 0"><span class='ocrx_word' id='word_1_245' title='bbox 0 0 1214 4236; x_wconf 95' lang='lat' dir='ltr'><strong><em> </em></strong></span> 
     </span>
    </p>
   </div>
  </div>
 </body>
</html>
