2414 4236
232 511 390 564 sellom
407 513 446 563 m
463 512 740 564 ELEMENTORUM
757 512 895 564 LIBRUM
909 512 931 565 1.
1022 509 1082 574 147

65 656 298 739 προκείμενον.
344 654 484 738 ἐζητεῖτο
512 649 575 738 μὲν
602 651 683 737 γάρ,
712 655 742 719 εί
769 651 832 718 δόο
861 650 1006 719 εὐθειῶν
1035 678 1083 719 τε·

67 767 229 844 μνονσῶν
253 754 400 844 ἀλλήλας
427 761 465 824 αἱ
487 756 568 825 κατὰ
591 755 747 844 κορυφήν
771 762 890 842 γωνίαι
914 766 983 825 ἴσαι
1008 764 1082 843 εἰσί,

66 864 175 954 τούτῳ
198 861 236 932 δὲ
260 865 466 954 δεικνυμένῳ
490 865 786 932 συναποδέδεικται
809 865 847 930 τὸ
866 864 921 929 καὶ
940 862 998 942 τὰς
1016 866 1083 931 τέτ-

64 995 172 1056 ταρας
192 976 319 1056 γωνίας
341 968 430 1039 εἶναι
452 972 607 1057 τέτρασιν
630 967 750 1055 ὀρθαῖς
774 977 856 1048 ίσας.
901 975 992 1037 ἔστιν
1020 962 1083 1038 οὖν

64 1075 104 1145 τό
127 1076 275 1166 πόρισμα
297 1079 458 1165 θεῶρημα
483 1075 539 1144 διὰ
567 1074 674 1143 ἀλλον
700 1075 934 1161 προβλήματος
956 1072 976 1160 ή
1000 1086 1083 1144 θεω·
1121 1100 1136 1148 5

65 1182 214 1270 (νήματος
245 1180 446 1265 ἀποδείξεως
480 1180 761 1268 ἀπραγματεύτως
798 1179 1082 1268 ἀναφαινόμενον.

63 1293 134 1357 τῶν
162 1288 201 1357 δὲ
227 1288 445 1376 κορισμάτων
471 1287 512 1356 τά
540 1289 602 1375 μέν
631 1291 699 1356 ἐστι
727 1288 945 1374 γεωμετρικά,
977 1287 1017 1354 τὰ
1046 1288 1083 1355 δὲ

63 1392 281 1482 ἀριθμητικοί.
326 1393 364 1463 τό
392 1393 454 1481 μὲν
482 1393 547 1482 γὰρ
575 1399 795 1481 προκείμενον
818 1393 980 1480 θεῶρημα
1003 1420 1083 1480 γεω-

64 1500 224 1587 μετρικόν
251 1503 335 1587 ἐστι,
367 1500 405 1569 τό
441 1500 478 1569 δὲ
511 1501 565 1568 έιτλ
597 1503 683 1569 τέλει
714 1512 776 1569 τοῦ
810 1503 969 1585 δευτέρον
1000 1511 1082 1568 θεω-

65 1606 215 1693 ρήματος
236 1611 296 1675 τοῦ
318 1607 347 1690 ζ’
371 1613 507 1692 βιβλίου
529 1611 597 1675 τῶν
622 1603 863 1693 ἀριθμητικῶν.
910 1612 1019 1673 ἔπειτα
1046 1606 1083 1675 δὲ
1105 1630 1136 1678 10

64 1711 152 1780 κατά
173 1711 214 1780 τά
236 1713 473 1802 προηγούμενα
498 1711 677 1800 ζητήματα·
705 1713 745 1780 τά
769 1713 830 1799 μὲν
853 1711 917 1798 γάρ
941 1712 1083 1799 προβλή-

64 1839 169 1906 μασιν
188 1821 310 1905 ἕτεται,
333 1817 374 1887 τά
394 1819 432 1887 δέ
450 1818 655 1906 θεωρήμασι.
692 1824 791 1887 τοῦτο
812 1819 849 1887 δέ
867 1818 1084 1905 θεωρήματός

66 1929 152 2009 έστι,
179 1924 219 1994 τό
247 1925 285 1993 δέ
314 1929 352 1994 ἐν
379 1931 424 2017 τῷ
450 1927 594 2016 δευτέρῳ
618 1930 737 2017 βιβλίῳ
760 1931 916 2012 κείμενον
938 1925 1082 2011 προβλή-

66 2056 179 2117 ματος.
226 2037 341 2117 τρίτον
371 2028 402 2097 δ’
429 2022 473 2097 αὖ
500 2029 560 2109 τὰς
587 2034 717 2112 δείξεις·
758 2030 797 2098 τά
832 2031 892 2117 μὲν
921 2030 983 2116 γάρ
1012 2046 1083 2110 ταῖς

66 2140 244 2217 δεικτικαῖς
263 2137 411 2224 ἐφόδοις,
431 2134 471 2204 τά
492 2136 528 2204 δὲ
546 2149 618 2216 ταῖς
637 2142 685 2217 είς
704 2135 875 2204 ἀδύνατον
889 2137 1083 2223 ἀναγωγαῖς
1103 2160 1135 2208 15

63 2243 417 2328 σνγνιατασιιενάζεται,
440 2241 478 2309 τὸ
503 2241 564 2327 μὲν
587 2248 808 2327 προκείμενον
830 2245 869 2328 τῇ
894 2239 944 2307 ἐπ’
966 2240 1083 2331 εὐθείᾳ

67 2351 184 2434 δείξει,
212 2346 250 2417 τό
279 2349 317 2416 δὲ
343 2353 389 2439 τῷ
413 2348 532 2439 κρότῳ
556 2353 617 2415 τοῦ
640 2354 756 2433 τρίτον
779 2351 915 2431 βιβλίον
939 2365 1083 2413 συνακο-

66 2457 285 2541 δεδειγμένου
316 2465 358 2543 τῇ
392 2459 439 2534 είς
465 2452 636 2522 ἀδύνατον
666 2452 827 2541 ἀναγωγῇ
855 2451 1082 2539 συνανεφάνη.

62 2565 239 2648 πολλαχῶς
257 2560 296 2629 δὲ
313 2561 369 2628 καὶ
384 2559 492 2641 ἀλλως
505 2559 545 2628 τά
560 2567 747 2649 τιορίσματα
762 2565 907 2646 διαιρεῖν
922 2558 1081 2628 δυνατόν·

61 2666 137 2736 ἀλλ’
164 2666 246 2754 ἡμῖν
269 2693 306 2754 γε
334 2665 467 2752 ἀρκέσει
495 2668 550 2734 καὶ
577 2677 682 2733 ταῦτα
710 2665 794 2751 πρὸς
818 2663 855 2733 τὸ
879 2664 997 2750 παρόν.
1044 2668 1080 2734 ἐν
1101 2690 1136 2738 20

59 2773 172 2863 τούτῳ
196 2772 233 2841 δὲ
255 2777 302 2864 τῷ
325 2779 507 2862 τιορίσματι
530 2768 595 2839 κάν
618 2781 866 2858 πληθννθῶσιν
895 2773 931 2838 ἐν
959 2775 1004 2863 τῷ
1031 2773 1081 2839 ἑνὶ

60 2885 190 2970 σημείῳ
223 2881 262 2945 αί
289 2875 421 2947 εὐθεῖαι
451 2883 520 2946 τῶν
551 2882 646 2945 δυεῖν
672 2879 728 2944 καὶ
762 2877 807 2945 δι’
834 2877 910 2956 ἑνὸς
942 2884 1081 2963 σημείου

58 2989 231 3074 τέμνωσιν
253 2981 399 3072 ἀλλήλας
422 2985 443 3072 ἢ
466 2998 554 3072 τρεῖς
576 2980 597 3069 ή
617 2986 766 3068 τέτταρες
784 2979 805 3069 ή
826 2980 1022 3065 ὁποσαιοῦν,
1047 2987 1083 3048 αί

58 3091 243 3180 γενόμεναι
279 3097 401 3177 γωνίαι
438 3096 542 3158 πάσαι
578 3092 732 3174 τέτρασιν
762 3088 883 3173 ὀρθαῖς
913 3095 981 3154 ίσαι
1015 3092 1080 3154 δεί-

57 3223 214 3268 κνυνται.
256 3203 419 3285 μερίζεται
442 3197 507 3285 γάρ
530 3196 568 3264 τὸ
592 3202 658 3263 τῶν
681 3195 853 3282 τεσσάρων
876 3196 1011 3278 γωνιῶν
1035 3199 1080 3273 είς
1100 3217 1133 3265 26

56 3305 99 3374 τά
116 3308 192 3391 είδη
207 3309 275 3372 τῶν
290 3302 479 3391 σχημάτων,
499 3302 556 3371 καὶ
571 3301 634 3370 δύο
649 3300 711 3387 μὲν
726 3300 871 3369 εὐθειῶν
885 3303 1080 3385 τεμνουσῶν
1185 3351 1188 3355 ‹

55 3410 211 3499 ἀλλήλας
232 3415 368 3479 ἔσονται
392 3413 429 3476 αί
450 3414 571 3496 γωνίαι
594 3410 762 3494 τέτρασιν,
792 3407 941 3474 τουτέστι
970 3431 1080 3489 τετρα-

52 3518 186 3606 γιόνου,
204 3521 310 3603 τριῶν
330 3516 367 3584 δὲ
383 3514 529 3584 εὐθειῶν
548 3518 743 3600 τεμνουσῶν
759 3519 891 3581 ἔσονται
907 3515 943 3578 αἱ
960 3518 1079 3597 γωνίαι

126 3776 170 3825 11.
197 3762 293 3836 κατά]
317 3763 366 3817 καί
384 3760 420 3817 τά
438 3762 468 3817 Ρ.
541 3768 584 3816 21.
608 3760 657 3833 δέ]
684 3759 715 3817 δὲ
736 3761 773 3833 τῷ
793 3757 825 3815 δέ
851 3760 880 3813 Ρ.
954 3766 999 3816 22,
1024 3761 1079 3815 τῶν

47 3864 131 3917 δυεῖν
150 3859 208 3915 καί
212 3857 224 3929 ]
247 3852 361 3923 εοτίμεί;
381 3851 415 3906 τά
434 3849 467 3908 έν
484 3853 585 3907 δνεῖνῖ
601 3850 629 3906 Ρ.
707 3857 750 3911 27.
771 3849 922 3929 te'tthw]
939 3841 1047 3909 εοι.“δ.

876 3947 934 4006 10*
