2414 4236
136 487 180 551 64
505 489 707 544 mommsen
725 485 774 545 ιε’.

199 628 272 698 ’Βιτὶ
295 628 333 698 δέ
356 635 418 699 τοῦ
441 631 676 716 δωδεκαέδρου
698 626 818 711 οὕτως·
838 629 1020 718 νενοήσθω
1042 633 1081 700 ἓν
1103 657 1152 700 τε·

135 735 312 823 τραγωνον
338 742 401 807 τοῦ
426 737 552 825 κύβου,
583 734 644 824 αφ’
669 729 713 807 οὗ
739 736 779 807 τὸ
806 736 1042 825 δωδεκάεδρον
1070 735 1151 808 ανα-

136 843 310 930 γράφεται,
328 846 366 914 τδ
379 850 514 913 ΑΒΓΔ
530 844 587 912 καὶ
606 843 670 913 δύο
689 846 828 914 ἐπίπεδα
841 847 903 913 τοῦ
917 845 1151 932 δωδεκαέδρου

135 948 175 1016 τὰ
200 957 383 1037 ΑΕΒΖΗ,
402 956 584 1020 ΗΔΘΓΖ.
629 951 715 1038 λέγω
738 948 781 1038 δή
803 950 860 1019 καὶ
882 951 1033 1019 ένταῦθα
1055 954 1152 1020 δεδο-

102 1086 118 1134 5
137 1057 242 1143 μένην
258 1053 346 1125 εἶναι
359 1054 422 1143 τὴν
435 1062 546 1125 κλίσιν
559 1060 629 1126 τών
643 1055 708 1126 δύο
721 1058 953 1143 πενταγώνων.
975 1056 1151 1144 τετμήσθω

135 1159 155 1247 ἡ
181 1169 253 1229 ΖΗ
271 1166 348 1249 δίχα
369 1160 453 1230 κατα
477 1161 515 1231 τδ
540 1168 583 1247 Κ,
605 1162 661 1230 καὶ
684 1158 751 1232 απὸ
774 1163 836 1230 τοῦ
858 1168 893 1230 K
914 1172 955 1251 τή
979 1170 1050 1231 ΖΗ
1067 1162 1153 1249 πρὸς

136 1265 245 1354 ὀρθὰς
262 1265 425 1355 ἤχθωσαν
444 1269 482 1336 έν
496 1268 639 1361 ἑκατέρω
653 1272 723 1338 τών
737 1270 903 1337 ἐπιπέδων
916 1272 955 1337 αί
966 1274 1001 1336 Κ
1004 1277 1047 1356 Α,
1061 1276 1151 1351 ΚΜ,

135 1374 190 1440 καὶ
214 1373 402 1461 ἐπεζεύχθω
424 1370 446 1460 ἡ
471 1380 555 1442 ΜΛ.
602 1374 688 1461 φημί
710 1371 754 1460 δὴ
777 1377 929 1461 πρώτον,
957 1371 1009 1442 ὅτι
1036 1373 1058 1460 ἡ
1081 1372 1152 1444 ὑπὸ

135 1485 214 1547 ΜΚ
218 1487 249 1547 Λ
272 1486 378 1566 γωνία
400 1477 543 1568 αμβλεία
567 1482 667 1550 έστιν.
703 1481 869 1549 δέδεικται
890 1476 956 1567 γὰρ
978 1481 1016 1548 ἐν
1038 1483 1083 1572 τῷ
1103 1483 1151 1567 ιγ’

86 1616 119 1664 10
137 1591 253 1678 βιβλίῳ
276 1590 345 1655 τών
369 1591 543 1674 στοιχείων
564 1584 638 1673 ήτοι
661 1590 721 1673 τὴς
743 1585 934 1666 συστάσεως
961 1588 1024 1654 τοῦ
1049 1589 1152 1655 δωδε-

136 1693 297 1776 καέδρου,
332 1692 384 1760 ὅτι
411 1689 433 1779 ἡ
461 1689 528 1761 απὸ
553 1696 617 1762 τοῦ
639 1698 674 1760 Κ
699 1692 844 1771 καθετος
865 1689 1014 1779 ἀγομένη
1039 1691 1091 1759 ἐπὶ
1113 1693 1153 1760 τὸ

137 1803 272 1866 ΑΒΓΔ
302 1796 513 1884 τετράγωνον
543 1795 679 1886 ἡμίσεια
716 1800 784 1867 έστι
820 1801 880 1884 τῆς
915 1802 1060 1884 πλευρᾶς
1090 1807 1152 1865 τοῦ

137 1904 361 1989 πενταγώνου.
394 1902 478 1973 ώστε
497 1904 643 1973 έλαττων
662 1904 731 1973 ἐστὶ
750 1907 809 1991 τὴς
827 1901 980 1991 ἡμισείας
992 1906 1051 1990 τῆς
1065 1910 1109 1970 Μ
1111 1911 1151 1981 A,

137 2009 193 2076 καὶ
226 2008 282 2077 διὰ
314 2014 414 2078 τοῦτο
442 2008 464 2098 ἡ
498 2008 564 2079 ὑπὸ
594 2017 707 2078 ΜΚΛ
738 2015 845 2097 γωνία
877 2007 1018 2097 ἀμβλεῖα
1052 2011 1152 2077 ἐστιν.

87 2142 120 2190 15
139 2117 435 2185 συναποδέδεικται
455 2116 492 2186 δέ
511 2120 549 2186 έν
567 2114 657 2208 αὐτῷ
676 2121 722 2207 τῷ
741 2115 946 2203 θεωρήματι,
971 2113 1022 2184 ὅτι
1040 2115 1094 2182 καὶ
1114 2113 1151 2183 τὸ

137 2222 198 2309 μέν
213 2219 277 2290 απὸ
293 2230 328 2290 Κ
332 2230 362 2290 Λ
381 2232 457 2292 ίσον
472 2225 541 2292 ἐστὶ
553 2228 600 2314 τῷ
614 2220 680 2291 απὸ
694 2228 752 2310 τῆς
770 2221 923 2309 ἡμισείας
936 2225 994 2307 τῆς
1008 2224 1153 2305 πλευρᾶς

136 2332 197 2395 τοῦ
219 2329 328 2416 κύβου
350 2330 406 2396 καὶ
428 2334 473 2422 τῷ
498 2328 563 2397 απὸ
587 2333 645 2416 τῆς
668 2326 820 2415 ἡμισείας
841 2332 900 2415 τῆς
922 2331 1069 2412 πλευρᾶς
1091 2336 1152 2393 τοῦ

137 2435 363 2521 πενταγώνου.
409 2435 492 2504 ώστε
515 2423 579 2522 τήν
602 2431 710 2521 αὐτὴν
732 2431 794 2519 τὴν
818 2441 852 2501 Κ
857 2441 887 2501 Δ
910 2434 965 2501 καὶ
987 2431 1050 2518 τήν
1074 2438 1156 2498 ΚΜ

137 2549 212 2621 ίσας
235 2540 338 2620 οὔσας
360 2546 512 2626 μείζονας
535 2537 621 2608 εἶναι
644 2545 702 2626 τὴς
725 2537 877 2626 ἡμισείας
898 2543 957 2626 τῆς
977 2545 1060 2605 ΜΔ.
1094 2540 1153 2621 τὴς

83 2671 118 2718 20
138 2645 203 2731 ἄρα
226 2644 292 2713 ὑπὸ
316 2651 429 2712 ΜΚΛ
452 2651 576 2731 γωνίας
599 2649 760 2731 δοθείσης
788 2642 808 2731 ἡ
837 2650 997 2712 λείπουσα
1026 2647 1072 2721 είς
1094 2641 1153 2719 τὰς

139 2750 202 2817 δύο
227 2749 333 2834 ὀρθὰς
355 2747 375 2836 ἡ
399 2757 507 2830 κλίσις
529 2755 620 2818 ἔσται
643 2755 712 2819 τών
737 2752 902 2819 ἐπιπέδων
922 2749 1081 2835 δηλονότι
1101 2753 1151 2815 δε·

140 2857 273 2941 δομένη.
319 2857 388 2924 ἐπεὶ
412 2848 475 2924 οὖν
499 2854 519 2943 ἡ
544 2854 669 2942 πλευρὰ
697 2861 758 2924 τοῦ
781 2862 915 2924 ΑΒΓΔ
941 2853 1153 2941 τετραγώνου

138 2960 159 3048 ἡ
183 2960 406 3031 ὑποτείνουσα
430 2964 499 3031 ἐστι
523 2962 581 3043 τας
599 2962 662 3031 δύο
682 2962 827 3049 πλευρὰς
844 2966 906 3029 τοῦ
925 2960 1154 3046 πενταγώνου,

139 3070 273 3136 δέδοται
288 3068 325 3137 δὲ
339 3068 376 3137 τὸ
391 3069 620 3157 πενταγώνου,
641 3070 775 3137 δέδοται
790 3063 889 3152 αραὴ
905 3072 949 3132 Μ
951 3073 990 3133 Δ.
1018 3067 1153 3133 δέδοται

87 3198 121 3248 2ο
141 3174 177 3242 δὲ
201 3175 256 3241 καί
280 3175 416 3261 ἑκατέρα
439 3178 507 3243 τών
526 3180 612 3260 ΜΚ,
632 3182 714 3242 ΚΑ·
738 3172 875 3242 καθετοι
897 3171 963 3258 γαρ
983 3175 1069 3239 εἰσιν
1087 3169 1153 3238 απὸ

212 3340 235 3385 1.
255 3330 289 3387 θ’
309 3333 339 3387 Ρ.
412 3329 477 3388 έπεί
493 3333 522 3386 Ρ.
596 3340 622 3388 4.
640 3333 799 3400 ΑΕΒΖΗ]
818 3331 874 3385 litt.
894 3331 1025 3385 BZHin
1044 3347 1097 3384 τοο.
1117 3346 1153 3383 m.

139 3410 155 3457 2
176 3403 210 3471 V,
230 3407 309 3457 ΑΒΖ
328 3404 387 3458 ΡΒ.
461 3404 619 3475 ΗΔΘΓΖ]
638 3422 695 3474 mg.
715 3423 752 3459 m.
772 3409 788 3457 2
808 3401 842 3469 V,
862 3404 952 3457 ΔΘΓ
967 3401 1026 3469 ΡΒ,
1048 3402 1108 3453 ΗΘ
1127 3418 1153 3454 v.

175 3476 317 3543 δεδομένα
336 3474 396 3527 ΡΒ.
471 3482 495 3530 7.
515 3476 595 3547 ΚΜ]
614 3479 673 3528 ΚΗ
692 3475 722 3527 Ρ.
796 3481 821 3528 9.
842 3469 900 3528 έοτι
919 3472 1037 3527 Bva.
1112 3478 1154 3527 10.

139 3548 258 3671 ίὲῗίφα
274 3563 328 3601 οω·
341 3543 535 3672 ίὲεσαῆἲίὲ]
555 3550 730 3672 ωῗίριαῗί
745 3544 872 3669 ίνῖιῗ
890 3559 976 3667 ωρῖί
993 3540 1156 3683 ’ἷέίξοῗί

141 3704 174 3741 οε
189 3655 220 3741 τό
235 3658 271 3740 ω’.
288 3686 352 3754 Π,
371 3683 403 3743 τό
422 3636 462 3742 P?
527 3693 568 3743 18.
586 3656 651 3758 τήν]
671 3687 743 3754 (alt.)
763 3701 848 3755 supra
857 3656 916 3741 ἐστ.
931 3652 1001 3740 mxl
1017 3666 1042 3739 τ’.
1113 3654 1156 3737 1θῖ

140 3759 189 3825 τῆς
207 3752 351 3828 ἡμισείας]
368 3758 425 3811 τῶν
443 3753 567 3827 ἡμισέων
585 3775 613 3811 m
632 3757 704 3813 etin
718 3773 772 3813 τεο.
788 3774 824 3811 m.
839 3762 855 3810 2
874 3754 908 3811 V.
981 3760 1024 3809 20.
1045 3754 1154 3825 ΜΚΑ]

138 3830 175 3881 Μ
191 3844 206 3881 ο
225 3843 295 3881 corr.
314 3846 339 3881 v.
413 3828 543 3899 αἰτοῦ]
562 3826 600 3882 τώ
621 3847 645 3882 v.
718 3834 762 3882 23.
785 3823 822 3898 ἡ]
846 3843 900 3880 om.
919 3843 956 3884 m.
1030 3819 1105 3880 ἔστιν
1124 3824 1155 3878 Ρ.
