2414 4236
233 536 390 589 scflom
407 539 448 590 IN
464 538 740 591 ELEMENTORUM
757 540 896 592 LIBRUM
909 543 931 594 1.
1021 540 1084 606 133

67 682 182 764 τρίτον
204 674 313 765 δρθής
335 678 492 765 λέγωμεν.
529 675 550 765 ή
574 678 612 747 δὲ
634 690 700 747 νῦν
725 683 866 749 δοθεῖσα
889 679 971 750 κατὰ
995 679 1086 763 εἶδος

68 786 202 854 δίδοται
224 783 342 871 μόνον.

73 960 76 965 ,
136 894 254 978 χρήται
278 890 317 959 δὲ
339 891 376 958 ἐν
398 894 445 982 τῷ
468 889 677 977 προβλήματι
699 890 806 983 τούτῳ
831 890 915 980 πρὸς
938 892 999 978 μὲν
1021 893 1084 981 τήν

68 996 275 1084 κατασκευήν
294 993 401 1066 αὐτοῦ
416 996 570 1084 αἰτήματι
590 998 640 1065 ἑνί
654 997 710 1064 καὶ
724 1009 770 1089 τῷ
784 998 903 1089 πριότῳ
918 999 972 1065 καὶ
986 1004 1032 1091 τῳ
1047 999 1084 1086 γ’

68 1103 291 1192 προβλήματι,
312 1102 398 1191 πρὸς
421 1102 458 1171 δὲ
481 1102 544 1189 τὴν
568 1101 740 1184 ἀπόδειξιν
762 1107 807 1195 τῳ
832 1104 867 1189 η’
886 1102 979 1194 μόνῳ
999 1115 1084 1172 θεω-
1122 1125 1138 1172 5

67 1210 203 1298 ρήματι·
228 1215 334 1280 δεῖται
352 1208 417 1297 γὰρ
435 1208 572 1289 πάντως
590 1208 790 1290 ἀποδείξεως
808 1210 864 1277 καὶ
882 1208 922 1277 τὰ
942 1210 1086 1297 προβλή-

67 1344 171 1404 ματα,
204 1315 315 1404 ὥσπερ
341 1317 398 1385 καὶ
424 1314 465 1384 τὰ
493 1315 712 1403 θεωρήματα,
741 1316 856 1402 ἐπειδή
879 1314 995 1384 καὶτὸ
1020 1319 1086 1384 ἐπι-

68 1421 274 1510 στημονικὸν
297 1422 363 1491 ιἰπὸ
386 1426 445 1508 τής
468 1421 669 1503 ἀποδείξεως
692 1428 767 1509 ἔχει.

137 1533 191 1596 47.
236 1526 283 1596 T&
309 1528 527 1616 προβλήματα
553 1541 623 1607 τοῖς
656 1527 875 1614 θεωρήμασιν
908 1530 1086 1615 συμπλέκει

70 1634 128 1701 καὶ
159 1631 200 1701 τὰ
230 1633 429 1721 θεωρήματα
466 1648 537 1713 τοῖς
568 1633 788 1721 προβλήμασι.
842 1637 943 1702 τοῦτο
978 1632 1015 1701 δὲ
1046 1633 1084 1702 τὸ
1106 1653 1139 1702 10

67 1738 232 1828 θεώρημα
252 1740 523 1828 προβληματιιιόν
549 1742 639 1807 ἐστιν
669 1746 728 1807 καί
744 1742 835 1808 ἐστιν
855 1738 966 1828 εὑρεῖν
986 1737 1087 1808 εὐθύ-

68 1872 226 1934 γραμμον
252 1852 380 1934 γωνίαν
408 1846 521 1933 ὀρθήν
548 1846 603 1913 καὶ
631 1851 727 1933 τρίχα
748 1861 860 1932 τεμεῖν
883 1845 1087 1933 ἀδυνατήσει

69 1951 114 2021 ἅν
133 1978 183 2032 τις
199 1956 393 2038 κερατοειδή
412 1958 541 2036 γωνίαν
559 1965 679 2037 τεμεῖν.
714 1949 752 2018 τὸ
772 1950 811 2018 δὲ
830 1955 896 2019 νῦν
909 1951 1087 2039 πρόβλημά

72 2056 223 2143 ἐστιτήν
248 2062 412 2126 δοθεῖσαν
435 2054 678 2144 εὐθύγραμμον
705 2063 835 2143 γωνίαν
864 2060 940 2144 δίχα
967 2073 1087 2141 τεμεῖν.

70 2166 191 2250 χρῆται
212 2163 277 2250 γὰρ
296 2165 333 2230 ίν
352 2161 459 2253 τούτῳ
478 2162 563 2249 πρὸς
581 2162 642 2249 μὲν
658 2166 699 2250 τή
714 2165 899 2249 κατασκευή
914 2166 951 2229 ἓν
967 2171 1088 2249 αίτήμα
1109 2183 1141 2232 15

67 2270 127 2338 καὶ
150 2273 284 2356 πρῶτον
307 2268 362 2336 καί
381 2266 418 2337 τὸ
437 2274 551 2354 τρίτον
571 2269 744 2356 θεώρημα,
768 2264 852 2353 πρὸς
871 2266 988 2353 δὲτὴν
1007 2267 1088 2336 ἀπό-

69 2377 177 2457 δειξιν
200 2374 238 2445 τὸ
262 2373 388 2462 ὄγδοον
418 2374 526 2461 μόνον
554 2374 726 2461 θεώρημα.
770 2375 934 2458 τετραχῶς
961 2372 999 2440 δὲ
1031 2372 1088 2440 δύ-

70 2508 171 2550 ναται
196 2485 356 2550 δίδοσθαι
379 2479 400 2568 ή
425 2487 545 2567 γωνία·
569 2482 625 2548 καὶ
649 2482 713 2566 γὰρ
736 2481 842 2564 θέσει,
866 2475 912 2558 ὥς
934 2478 1015 2545 ὅταν
1038 2480 1088 2546 λέ-

67 2614 185 2676 γωμεν
202 2591 286 2676 πρὸς
303 2591 383 2676 τήδε
396 2592 437 2675 τή
453 2586 573 2677 εὐθείᾳ
586 2589 642 2654 καὶ
656 2592 742 2678 τῷδε
755 2597 801 2678 τῷ
817 2592 941 2676 σημείῳ
956 2593 1089 2652 κεῖσθαι

67 2694 135 2782 τήν
163 2701 292 2781 γωνίαν
319 2695 375 2762 καὶ
403 2693 490 2763 εἶναι
519 2695 706 2781 δεδομένην
734 2692 841 2779 αὐτήν
874 2692 992 2771 οὕτως·
1033 2692 1088 2759 καὶ
1108 2711 1142 2760 νο

67 2806 168 2889 εῖδει,
192 2796 267 2871 οἷον
291 2799 373 2869 ὅταν
396 2800 510 2889 ὀρθήν
533 2802 681 2886 λέγωμεν
705 2795 726 2885 ή
751 2797 862 2880 ὀξεῖαν
885 2795 906 2884 ἢ
926 2797 1089 2885 ἀμβλεῖαν

66 2904 92 2996 ἢ
118 2906 206 2988 ὅλως
228 2904 471 2995 εὐθύγραμμον
501 2903 521 2993 ή
550 2907 681 2993 μικτήν·
723 2906 779 2973 καὶ
802 2904 909 2994 λόγῳ,
938 2903 1019 2972 ὅταν
1042 2910 1090 2972 δι-

67 3021 220 3084 ιλασίαν
238 3015 387 3100 λέγωμεν
399 3018 500 3099 τῆσδε
518 3013 574 3079 καὶ
592 3018 791 3099 τριπλασίαν
810 3006 831 3096 ή
851 3008 937 3089 ὅλως
956 3015 1090 3095 μείζονα

69 3121 131 3188 καὶ
150 3119 333 3189 ἐλάσσονα·
358 3121 414 3188 καὶ
438 3121 584 3206 μεγέθει,
609 3117 719 3207 ὥσπερ
744 3116 826 3185 ὅταν
849 3122 961 3203 τρίτον
983 3113 1091 3201 ὀρθῆς

71 3228 235 3314 λέγωμεν.
279 3223 362 3312 ήδὲ
384 3230 451 3293 νῦν
473 3223 556 3293 κατὰ
579 3224 616 3294 τὸ
641 3224 731 3304 είδος
754 3228 885 3291 δίδοται
908 3220 1026 3307 μόνον.
1107 3237 1142 3286 25

464 3361 517 3425 Ad
541 3384 645 3447 prop.
669 3360 708 3425 X.

141 3478 195 3543 48.
235 3471 518 3560 Προβληματικὸν
549 3473 604 3540 καὶ
635 3476 734 3540 τοῦτο
768 3469 805 3539 τὸ
842 3471 1002 3555 θεώρημα
1038 3494 1091 3536 πε-

69 3580 288 3667 περασμένην
315 3579 377 3667 μὲν
410 3577 549 3647 εὐθεῖαν
581 3576 842 3664 ὑποτιθέμενον,
876 3574 988 3661 ἐπειδὴ
1016 3572 1088 3642 κατ’

144 3709 190 3759 47.
209 3701 239 3757 Ρ.
313 3709 356 3760 48.
376 3702 432 3758 Ρ..

147 3816 190 3867 11.
215 3813 268 3865 καί
284 3806 377 3882 ἐστιν]
401 3811 453 3864 ταί
469 3808 496 3880 ·s.
517 3804 591 3863 ἐστιν
616 3807 650 3874 Ρ;
678 3808 757 3862 locus
776 3807 919 3866 confusus.
1009 3815 1104 3878 mo„

68 3883 164 3939 Locus
183 3884 338 3950 corruptus.
409 3886 451 3936 λθ.
471 3877 588 3953 ίπειδή]
607 3876 656 3937 ἐπὶ
675 3879 709 3939 δέ
730 3882 759 3944 Ρ.
