2414 4236
340 454 524 503 mmlx
542 452 779 504 εοΗοωιοωυιι
794 454 816 503 1.
1023 449 1086 513 691

140 595 171 659 9.
200 588 307 670 ”οπως
331 590 369 658 δέ
391 591 447 658 καὶ
468 588 506 659 τδ
530 589 617 670 ὕψος
636 599 711 659 ἴσον
730 595 822 658 ἔσται
839 602 879 680 τη
898 595 959 660 τοῦ
977 617 1088 676 τετρα-

74 697 188 783 γώνου
210 700 348 786 πλευρᾷ,
373 699 526 784 δείξομεν
549 695 669 776 οὕτως·
701 693 952 783 ἀναγεγράφθω
976 696 1090 781 τετρά-

73 830 187 887 γωνον
216 800 281 871 άπὸ
310 806 389 888 μιᾶς
416 806 485 870 τών
509 802 700 888 διηγμένων
727 800 816 886 παρά
840 807 921 888 μίαν
945 799 1089 887 ἑκάστην

72 913 141 976 τών
164 907 297 995 βάσεων
320 912 389 975 τών
415 908 607 995 τριγώνων,
635 907 691 975 καὶ
721 906 1022 994 συμπεπληρώσθω
1050 907 1088 977 τό

73 1014 294 1102 τετράγωνον.
345 1022 414 1081 ἴσαι
442 1011 510 1101 άρα
536 1018 649 1082 πάσαι.
700 1017 738 1081 αλ
764 1018 883 1082 τοίνυν
912 1016 1088 1100 διηγμέναι
1125 1035 1141 1085 6

73 1120 163 1209 παρά
190 1119 254 1207 τὴν
282 1118 403 1206 κοινὴν
430 1120 531 1206 βάσιν
561 1125 630 1189 τών
662 1119 715 1207 ἐφ’
748 1118 886 1207 ἑκάτερα
912 1120 1088 1208 τριγώνων

74 1235 144 1294 ἴσαι
164 1218 264 1294 οὖσαι
282 1225 367 1315 πρὸς
384 1224 448 1313 τὴν
467 1227 648 1314 εἰρημένην
661 1227 781 1312 κοινὴν
795 1224 897 1311 βάσιν
911 1227 970 1294 τδν
984 1223 1088 1295 αὐτὸν

74 1335 186 1413 ἕξουσι
213 1331 332 1420 λόγον·
369 1329 408 1399 τά
437 1332 503 1419 γάρ
532 1340 588 1399 ἴσα
615 1331 700 1419 πρὸς
726 1331 764 1400 τὸ
789 1329 870 1400 αὐτὸ
897 1330 958 1400 τὸν
982 1329 1088 1401 αὐτὸν

74 1441 138 1519 ἕξει
153 1437 268 1524 λόγον.
305 1435 390 1505 άλλά
406 1434 447 1505 δν
466 1437 571 1524 λόγον
589 1442 726 1525 ἔχουσιν
744 1428 842 1506 αὗται
860 1437 975 1523 βάσεις
989 1430 1088 1506 οὖσαι

73 1555 143 1612 τών
167 1543 354 1612 ἐλαττόνων
376 1543 554 1631 τριγώνων
577 1541 662 1630 πρός
678 1542 740 1631 τὴν
759 1541 878 1630 κοινὴν
896 1543 997 1630 βάσιν
1014 1542 1087 1613 ἓκα·
1108 1569 1141 1618 10

72 1651 172 1735 τέρου
193 1655 263 1719 τών
285 1648 465 1736 μειζόνων,
493 1649 660 1719 οὕτωκαὶ
683 1653 721 1717 αλ
741 1650 881 1735 πλευραὶ
904 1654 973 1718 τῶν
996 1654 1088 1720 ἐλατ-

71 1758 182 1825 τόνων
219 1755 396 1844 τριγώνων
430 1754 515 1844 πρδς
546 1754 607 1837 τάς
637 1760 707 1825 τών
739 1754 902 1843 μειζόνων
934 1755 991 1824 διά
1024 1757 1087 1844 τὴν

72 1860 261 1950 ὁμοιότητα.
307 1860 380 1931 ἄλλ’
407 1866 446 1931 αλ
465 1867 534 1931 τών
558 1862 720 1949 μειζόνων
747 1861 923 1949 τριγώνων
945 1864 1087 1948 πλευραὶ

73 1976 152 2036 λσαι.
193 1967 278 2036 ώστε
300 1969 357 2039 καὶ
380 1971 418 2036 αἱ
437 1972 507 2038 τών
530 1969 718 2038 ἐλαττόνων
741 1977 820 2037 λσαι.
862 1967 947 2038 ώστε
969 1967 1085 2037 καὶτὰ

72 2075 281 2160 ἐγγραφέντα
298 2072 491 2160 τετράγωνα
510 2083 587 2143 ἴσον
604 2073 769 2162 ἀπέχοντα
787 2080 848 2144 τοῦ
862 2074 1085 2161 τετραγώνου,
1106 2095 1140 2146 ισ

72 2176 133 2264 άφ’
155 2170 197 2247 οὗ
220 2177 258 2246 τό
282 2175 467 2267 ὀκτάεδρον
490 2177 731 2268 άναγράφεται,
757 2189 812 2248 ἴσα
835 2185 934 2249 ἔσται.

142 2289 192 2352 10.
221 2289 281 2365 Ele
299 2284 408 2370 δοθὲν
424 2284 644 2371 εἰκοσάεδρον
663 2284 897 2373 δωδεκάεδρον
912 2287 1086 2374 ἐγγράψαι.

138 2394 279 2478 κέντρον
306 2391 394 2476 λέγει
421 2395 490 2459 τών
517 2389 651 2460 κόκλων
677 2396 746 2460 τών
773 2392 849 2479 περὶ
876 2390 916 2460 τά
939 2399 1086 2481 τρίγωνα

72 2498 312 2584 γεγραμμένων
343 2496 383 2565 τά
416 2495 481 2565 άπδ
510 2500 587 2583 μιᾶς
615 2498 753 2585 ἑκάστης
780 2503 841 2567 τοῦ
868 2501 1086 2586 πενταγώνου

71 2607 217 2687 πλευράς
239 2603 474 2672 ἀνασταθέντα
496 2604 552 2671 καὶ
572 2606 881 2690 συγκορυφωθέντα
899 2604 982 2694 πρὸς
998 2605 1037 2675 τὸ
1058 2613 1086 2673 Ζ
1104 2628 1139 2678 20

72 2722 220 2796 σημεῖον.
271 2711 529 2796 ἐπιζευχθεισῶν
562 2701 626 2778 οὖν
651 2713 720 2778 τών
748 2707 813 2778 άπὸ
840 2714 909 2779 τών
935 2712 1085 2799 κέντρων

70 2819 140 2884 τών
171 2818 357 2903 εἰρημένων
388 2814 565 2902 τριγώνων
600 2819 728 2900 γίνεται
764 2815 981 2902 πεντάγωνον
1019 2822 1086 2887 ἰσό-

71 2930 227 3006 πλευρον.
264 2920 324 2988 ἐὰν
349 2912 412 2989 οὖν
435 2917 497 3007 άφ’
518 2919 657 3008 ἑκάστης
679 2923 747 2990 τών
765 2925 920 3009 πλευράν
937 2927 999 2991 τοῦ
1017 2921 1083 2991 άπδ

70 3033 129 3114 τῆς
153 3026 343 3111 έπιζεόξεως
365 3029 433 3094 τῶν
456 3028 493 3094 ἐκ
514 3030 583 3094 τών
602 3026 752 3113 κέντρων
770 3026 950 3113 γεγονότος
967 3052 1084 3097 πεντα-

71 3133 185 3218 γώνου
222 3131 441 3201 άνασταθώσι
473 3137 621 3218 τρίγωνα
657 3132 968 3219 συγκορυφωθέντα
1001 3132 1084 3220 πρὸς
1102 3160 1137 3210 25

70 3236 108 3306 τὸ
133 3246 176 3323 Ζ,
204 3239 325 3326 ἑκάστη
348 3248 418 3308 τών
439 3237 525 3325 πρὸς
546 3242 593 3330 τῷ
617 3245 645 3305 Ζ
672 3241 808 3324 γωνιών
829 3242 898 3307 τών
920 3238 1084 3307 τοιούτων

141 3458 166 3509 υ.
186 3450 225 3504 v¹
243 3452 289 3520 (ad
304 3470 332 3522 p.
347 3457 392 3523 ιι,
405 3455 440 3522 ε).
515 3457 557 3507 ιο.
576 3450 616 3505 v’
634 3451 682 3521 (ad
699 3469 727 3522 p.
741 3456 785 3518 ιο,
805 3454 909 3522 τοις).

68 3582 281 3594 ———

142 3657 167 3708 2.
187 3647 377 3720 τετράγωνον]
396 3663 481 3718 supra
495 3626 546 3702 εστ.
556 3644 590 3701 V.
646 3651 670 3701 5.
689 3645 761 3718 ἴσαι]
778 3661 892 3703 cortex
907 3647 934 3702 λα
966 3648 1000 3702 V.
1055 3655 1080 3704 θ.

71 3720 84 3779 λ
112 3718 120 3741 ’
155 3738 258 3778 οοοετ.
278 3721 313 3775 V.
400 3724 442 3776 10.
467 3712 638 3802 ἐλαττόνων]
661 3732 730 3771 corr.
750 3733 785 3772 ex
805 3719 912 3788 μικρῶν
958 3764 962 3774 .
1037 3725 1080 3774 21.

72 3814 124 3850 ουν
157 3795 259 3863 postea
276 3791 341 3848 add.
360 3789 394 3847 V.
467 3794 510 3844 24.
530 3804 687 3858 γεγωνοτος
704 3785 739 3853 V,
759 3789 808 3844 sed
826 3805 895 3844 corr.

865 3877 921 3932 44*
