2414 4236
226 491 384 545 sellom
400 493 440 544 m
457 493 731 546 ELEMENTORUM
749 495 888 546 LIBRUM
901 496 923 547 1.
1017 494 1079 557 149

62 636 172 713 καλῶς
195 623 260 700 οὖν
283 628 353 700 εἶπε
376 632 460 720 πρὸς
481 630 539 712 τάς
561 630 777 702 ἀπεναντίον·
806 645 876 704 τών
898 635 963 722 γάρ
988 633 1081 717 ἐντὸς

62 743 125 807 τοῦ
146 736 317 825 τριγώνου
340 744 399 825 μία
422 740 484 825 μέν
508 741 599 807 ἐστιν
621 736 642 825 ἡ
667 742 784 826 ἐφεξῆς
807 745 866 827 τῆς
889 741 992 828 ἐκτός,
1017 742 1080 811 δύο

66 843 103 912 δὲ
119 847 157 912 αί
166 842 379 913 ἀπεναντίον.
408 843 539 912 τούτων
555 838 618 913 οὖν
633 847 787 935 ἑκατέρας
800 844 931 934 ἀνάγκη
947 854 1081 934 μείζονα

65 950 153 1021 εἶναι
175 950 237 1039 τῆν
261 951 365 1037 ἐκτός,
389 949 463 1021 ἀλλ’
486 949 608 1039 αὐτῆς
631 956 749 1040 ἐφεξῆς
772 951 856 1041 αὐτῆ
879 957 1040 1041 κειμένης.

135 1056 224 1139 τινὲς
251 1059 289 1127 δὲ
317 1058 542 1138 συνάπτοντες
568 1065 668 1128 τοῦτο
696 1058 734 1128 τὸ
762 1060 923 1147 θεώρημα
955 1061 1011 1129 καὶ
1043 1059 1080 1130 τὸ
1118 1086 1134 1133 σ

63 1167 139 1253 ἑξῆς
166 1165 248 1252 μετὰ
281 1170 381 1234 τοῦτο
413 1162 703 1253 ἀποδεικνύμενον
735 1165 823 1234 οὕτω
856 1168 1082 1254 προφέρονται

61 1273 127 1359 τῆν
148 1271 325 1361 πρότασιν·
363 1270 488 1353 παντὸς
510 1271 679 1360 τριγώνου
707 1278 853 1359 πλευράς
880 1277 958 1360 μιᾶς
981 1293 1081 1359 προσ-

63 1383 285 1465 εκβληθείσης
302 1374 323 1464 ἡ
345 1376 437 1458 ἐκτὸς
454 1382 516 1446 τοῦ
535 1378 702 1464 τριγώνου
718 1387 826 1465 γωνία
842 1380 996 1468 ἑκατέρας
1014 1390 1082 1446 τῶν

65 1483 163 1563 ἐντὸς
184 1485 240 1551 καὶ
258 1483 462 1553 ἀπεναντίον
481 1490 600 1571 μείζων
620 1486 722 1570 ἐστίν,
746 1486 802 1553 καὶ
822 1485 885 1553 δύο
904 1482 1082 1552 ὁποιαιοῦν

64 1595 137 1661 τῶν
160 1592 253 1669 ἐντὸς
272 1602 407 1676 γωνιῶν
427 1591 490 1659 δύο
511 1588 629 1676 ὀρθάν
648 1592 825 1671 ἐλάσσονές
844 1596 938 1660 εἰσιν.
970 1598 1082 1678 ἔχουσι
1103 1613 1135 1663 10

65 1698 105 1766 δὲ
128 1694 286 1784 ἀφορμὴν
308 1702 370 1784 τῆς
392 1704 587 1784 συμπλοκῆς
609 1701 678 1765 τῶν
700 1698 943 1784 θεωρημάτων,
970 1692 1082 1782 ἐπειδὴ

63 1805 120 1872 καί
134 1801 236 1882 αὐτὸς
251 1801 268 1871 ὁ
284 1805 472 1890 γεωμέτρης
487 1804 560 1888 ἑξῆς
571 1804 622 1870 ἐπὶ
638 1808 705 1871 τῶν
720 1813 805 1872 ίσων
820 1804 926 1884 οὕτως
936 1807 1082 1889 ἐποίησε·

64 1908 192 1988 παντὸς
218 1909 387 1996 τριγώνου
414 1907 435 1996 ἡ
466 1907 559 1988 ἐκτὸς
585 1916 692 1995 γωνία
720 1910 783 1978 δύο
813 1924 885 1990 ταῖς
912 1908 1006 1990 ἐντὸς
1028 1910 1084 1976 καὶ

66 2012 268 2082 ἀπεναντίον
287 2023 355 2100 ἴση,
378 2014 434 2081 καὶ
454 2018 492 2081 αί
507 2029 595 2102 τρεῖς
613 2026 674 2082 τοῦ
693 2015 862 2102 τριγώνου
879 2023 1000 2101 γωνίαι
1019 2014 1083 2083 δύο

68 2118 192 2207 ὀρθαῖς
213 2127 292 2189 ίσαι.
339 2125 458 2207 ἔχομεν
488 2113 551 2188 οὖν
580 2123 616 2188 ἐκ
638 2120 768 2188 τούτων
792 2124 942 2206 μέθοδον
967 2130 1136 2193 avua-15

62 2231 232 2313 γίζεσθαι,
263 2229 335 2306 πώς
362 2230 399 2294 αί
425 2229 571 2312 γενέσεις
598 2231 666 2294 τῶν
693 2226 897 2313 πραγμάτων
926 2224 976 2294 ἐπ’
1003 2226 1084 2307 ὄψιν

63 2331 148 2420 ἡμῖν
171 2330 231 2413 τάς
253 2330 422 2418 ἀληθινάς
445 2332 566 2419 ἀγουσι
590 2337 657 2400 τῶν
682 2333 894 2418 ζητουμένων
918 2336 1031 2410 αἰτίας.

133 2442 186 2507 66.
227 2443 296 2525 Τῆς
323 2437 417 2519 έυτὸς
444 2440 499 2507 καί
529 2438 732 2506 ἀπεναντίον
760 2435 851 2505 εἶπεν
883 2436 967 2525 πρὸς
998 2434 1085 2503 ἀντι-

64 2543 251 2632 διαστολὴν
269 2549 329 2632 τῆς
348 2544 443 2625 ἐντὸς
457 2546 513 2612 καὶ
528 2547 647 2631 ἐφεξῆς
660 2546 822 2631 κειμένης,
841 2535 881 2630 ῆς
896 2540 937 2611 οὐ
954 2542 1086 2622 πάντως

60 2658 189 2740 μείζων
212 2652 303 2720 ἐστὶν
326 2648 347 2737 ἡ
371 2651 476 2731 έκτάς·
499 2652 579 2719 ποτὲ
602 2652 667 2738 γάρ
689 2651 745 2718 καὶ
769 2650 925 2735 ἐλάττων,
948 2649 1027 2719 ποτὲ
1047 2649 1084 2718 δὲ
1103 2672 1138 2721 20

59 2757 121 2825 καί
146 2764 214 2842 ίση,
237 2757 317 2826 ποτὲ
341 2757 378 2826 δὲ
400 2758 456 2825 καί
479 2763 608 2844 μείζων.

134 2866 188 2932 67.
228 2864 339 2949 Φησὶν
371 2862 392 2950 ῆ
419 2864 596 2952 πρότασις,
630 2862 681 2930 ὅτι
708 2863 833 2943 παντὸς
859 2862 1027 2950 τριγώνου
1055 2867 1086 2930 εί

60 2976 150 3061 μίαν
167 2966 244 3037 τινά
263 2974 332 3039 τών
350 2975 504 3055 πλευρῶν
517 2969 769 3059 προσεκβάίοις,
788 2969 850 3054 τὴν
869 2971 960 3046 ἐκτὸς
979 2967 1084 3035 αὐτοῦ

60 3077 317 3162 συνισταμένην
339 3082 467 3162 γωνίαν
491 3073 643 3163 εὑρήσεις
666 3080 800 3162 μείζονα
821 3078 888 3140 τῶν
913 3071 1005 3151 ἐντὸς
1028 3073 1084 3139 καί

61 3181 275 3253 ἀπεναντίον
290 3183 457 3267 ἑκατέρας·
481 3179 683 3269 ἀμφοτέραις
702 3179 764 3266 μὲν
782 3179 846 3266 γάρ
871 3189 926 3264 ίση
950 3177 1083 3265 δειχθῆ-
1103 3200 1137 3250 25

63 3311 163 3359 σεται
187 3287 309 3377 μικρὸν
331 3286 489 3373 ὕστερον,
518 3289 673 3374 ἑκατέρας
701 3285 738 3354 δὲ
761 3292 880 3372 μείζων
904 3287 939 3351 έκ
962 3283 1084 3352 τούτου

62 3400 250 3466 δείκνυται.
286 3395 342 3463 καὶ
365 3392 555 3480 ἀναγκαίως
578 3392 661 3479 πρὸς
678 3390 738 3471 τάς
757 3389 959 3459 ἀπεναντίον
978 3388 1084 3476 αὐτὴν

61 3514 282 3526 ——-.-—-

141 3561 184 3610 66.
203 3555 234 3609 Β.
308 3561 349 3609 67.
369 3553 399 3608 Ρ.

142 3703 166 3752 6.
185 3690 388 3750 ἀποδεικνύειν
407 3695 441 3749 V.
514 3700 539 3749 9.
559 3688 732 3757 άπεναντίας
751 3711 808 3762 seq.
829 3711 880 3749 ras.
901 3692 939 3758 V,
958 3687 1083 3746 ἀπεναν-

64 3769 149 3830 τίονς
165 3784 193 3836 q.
286 3771 328 3820 14.
346 3765 460 3836 γωνίαι]
485 3783 517 3834 q,
542 3764 618 3819 αίτία
641 3767 671 3820 V.
763 3770 805 3820 16.
825 3766 897 3818 Ante
915 3764 974 3825 πῶς
993 3763 1087 3818 lam

63 3840 125 3896 litt„
144 3836 181 3892 V,
264 3843 306 3891 1⁷.
326 3836 429 3908 αἰτίας]
449 3855 480 3906 q,
500 3831 619 3901 εὐθείας
638 3837 670 3896 V.
744 3843 787 3896 Ἡ.
809 3830 917 3913 αὗτῆνῆ
936 3832 1045 3908 αάιτῆςῖ
1060 3836 1102 3891 Ὤ.
