2414 4236
202 478 358 530 SCHOLIA
376 479 416 530 IN
434 476 708 529 ELEMIINTORUM
727 475 866 527 LIBRUM
879 477 941 529 XII.
1009 471 1075 537 653

60 623 194 706 μείζονα
215 622 388 704 δεδεῖχθαι
406 628 465 704 τῆς
479 624 561 702 ΛΦ,
585 613 626 685 οὐ
646 614 781 696 ψαύσει·
805 619 836 683 εί
853 613 918 702 γὰρ
938 619 1075 700 ἔψαυεν,

59 716 104 812 ἦν
128 720 171 792 ἂν
195 721 215 810 ἡ
246 732 316 792 ΨΑ
339 728 379 812 τῇ
402 730 473 791 ΗΑ
496 733 561 809 ειη.
771 814 789 823 -

129 836 181 899 96.
210 829 319 899 Ἔστω
347 826 460 914 λου
484 818 536 915 ip,
567 826 588 914 ἡ
618 827 655 895 ιε
679 834 746 896 οο
770 831 805 912 ι,
838 823 860 912 ἡ
889 826 926 895 ιε
952 833 1023 893 ου
1042 831 1075 913 τι.

60 935 81 1023 ἡ
107 928 171 1003 οὖν
195 944 264 1004 ΒΔ
294 933 311 1004 ὁ
336 927 547 1022 ι’βὴμιόλιός
570 937 639 1002 ἐστι
666 958 751 1021 προς
773 932 835 1019 τὴν
861 939 930 1000 ΦΛ
957 931 1017 1001 τὸν
1040 939 1075 1019 η·

60 1040 146 1110 ἀλλὰ
165 1042 221 1109 καί
235 1040 273 1108 τὸ
287 1038 353 1109 ὑπὸ
373 1046 441 1110 τῶν
456 1049 535 1127 ΔΒ,
549 1047 578 1107 Β
587 1047 628 1126 Φ,
650 1041 822 1109 τουτέστιν
842 1035 859 1106 ὁ
879 1037 945 1107 ὑιιο
963 1043 1026 1108 τοῦ
1040 1031 1077 1125 ᾗ
1113 1070 1129 1119 5

63 1148 117 1215 καὶ
141 1151 203 1216 τοῦ
219 1135 263 1232 V,
291 1153 335 1234 γη
359 1146 443 1235 πρὸς
465 1147 503 1216 τὸ
527 1145 592 1215 ὑπὸ
616 1151 685 1215 τῶν
708 1155 742 1212 Δ
749 1152 791 1232 Φ,
818 1153 899 1231 ΦΒ,
926 1146 1076 1214 τουτέστι

61 1252 144 1339 πρὸς
166 1252 204 1321 τὸ
228 1250 293 1321 ὑπὸ
317 1258 379 1321 τοῦ
402 1259 423 1340 η
447 1254 502 1322 καὶ
524 1256 587 1321 τοῦ
604 1241 637 1339 δ’,
659 1253 700 1321 τὰ
720 1240 775 1338 λ-β,
799 1249 957 1339 ἡμιόλιόν
976 1253 1075 1319 ἐστιν.

59 1358 107 1439 ὡς
129 1387 194 1448 γαρ
218 1361 258 1426 τὰ
283 1349 318 1445 ιβ
339 1364 408 1428 τῶν
430 1366 453 1446 ἦ
476 1357 622 1446 ἡμιόλια,
647 1357 753 1438 οὕτως
775 1357 815 1425 τὰ
838 1365 885 1446 [ir]
907 1363 975 1427 τῶν
996 1347 1049 1442 II.

128 1469 180 1533 97.
204 1464 332 1552 Είττών,
347 1463 400 1534 ὅτι
415 1463 437 1552 ἡ
451 1473 517 1533 ΑΒ
532 1463 553 1553 ἡ
568 1468 604 1534 ἐκ
617 1469 679 1534 τοῦ
692 1467 834 1553 κέντρου
846 1469 905 1551 τῆς
919 1471 1075 1552 σφαίρας,

61 1577 267 1659 σαφηνίζον,
281 1580 378 1653 ποίας
392 1578 548 1659 σφαίρας,
564 1571 719 1659 ἐπήγαγε·
733 1582 793 1658 τῆς
802 1572 876 1656 περὶ
886 1570 925 1640 τὸ
934 1572 1074 1657 κέντρον
1096 1582 1129 1650 1'0

60 1679 98 1745 τὸ
118 1687 160 1764 A,
185 1675 230 1759 ὡς
248 1683 279 1747 εί
297 1684 400 1765 ἔλεγε·
423 1683 482 1765 τῆς
501 1683 658 1766 σφαίρας,
678 1669 718 1765 ἧς
735 1678 877 1765 κέντρον
896 1678 964 1745 ἐστί
981 1677 1019 1746 τὸ
1034 1687 1075 1746 Α.

406 1877 464 1941 Ad
486 1899 591 1961 prop.
614 1874 738 1944 XVIII.

128 2001 182 2065 98.
209 1995 326 2064 Ἔστιν
349 1996 415 2085 ἄρα
438 1996 484 2079 ὡς
510 2024 540 2085 p.
560 2002 634 2084 244,
660 2002 714 2083 16]
745 2001 783 2066 ἐν
805 2002 851 2089 τῷ
874 1995 964 2090 αὐτῷ
987 1999 1074 2088 λόγῳ

63 2107 163 2169 είσίν·
200 2099 366 2188 ἀναλογία
394 2102 486 2171 ἐστίν
512 2100 534 2188 ἡ
562 2107 631 2172 τῶν
656 2102 768 2189 λόγων
791 2104 961 2191 ταυτότης.
1007 2106 1076 2172 ἐτα·

62 2206 243 2293 νύσθησαν
268 2211 304 2275 οί
323 2206 436 2294 λόγοι,
464 2206 576 2295 ὥσπερ
600 2208 745 2277 ἐπὶτῶν
772 2219 928 2297 μεγεθῶν
950 2208 991 2276 τὰ
1014 2214 1076 2278 τοῦ
1097 2236 1130 2286 ιε
1166 2264 1170 2269 -

62 2309 169 2381 αὐτοῦ
196 2313 374 2401 τριπλάσια
407 2323 464 2382 ίσα
491 2312 649 2401 ἀλλήλοις
677 2319 779 2401 είσίν,
814 2319 851 2384 οί
878 2320 940 2384 τοῦ
970 2313 1075 2385 αὐτοῦ

62 2418 170 2505 λόγου
192 2427 328 2504 τριπλοί
348 2429 416 2488 ἴσοι
439 2419 596 2507 ἀλλήλοις
618 2419 674 2487 καὶ
697 2417 816 2488 ταύτοί
836 2426 932 2489 εἰσιν.

129 2527 181 2594 99.
213 2521 272 2605 Ὡς
295 2526 333 2595 δὲ
354 2523 376 2612 ἡ
400 2533 521 2594 ΛΜΝ
540 2539 667 2613 σφαῖρα
690 2551 721 2612 p.
740 2530 815 2614 246,
839 2531 873 2611 9]
899 2525 1016 2595 διὰτὸ
1040 2528 1075 2614 β’

60 2633 124 2698 τοῦ
146 2630 203 2716 ιβ”
237 2631 415 2720 πληρώσας
436 2631 502 2720 γὰρ
525 2632 588 2719 τὴν
611 2636 673 2700 τοῦ
696 2630 731 2717 β’
755 2632 973 2722 θεωρήματος
995 2631 1076 2702 ἀπό-

64 2739 169 2818 δειξιν
193 2734 300 2818 οὕτως
323 2740 427 2820 ἔδειξε
449 2737 487 2807 τὸ
512 2744 740 2826 προκείμενον.
1095 2766 1130 2816 20

134 2922 177 2969 οε.
197 2915 238 2969 Vb
257 2916 304 2984 (ad
322 2933 349 2984 p.
364 2921 426 2985 ειε,
445 2917 482 2984 ε).
556 2921 598 2973 οι.
618 2916 681 2986 v·q
697 2915 766 2986 (P‘);
786 2916 823 2971 ad
841 2935 868 2987 p.
883 2922 945 2983 240,
965 2924 1008 2974 οι.

63 2992 107 3040 98.
126 2986 166 3040 V·
184 2988 378 3057 (corruptum).
452 2993 494 3042 99.
515 2988 585 3057 V·q.

135 3154 159 3199 1.
179 3144 305 3216 ἔψαυσεν
319 3146 353 3202 V.
408 3153 433 3201 4.
452 3142 517 3218 τήν]
537 3146 587 3201 τόν
601 3146 635 3201 V.
693 3153 718 3201 6.
737 3133 767 3218 ὃ]
787 3148 831 3209 δίς
849 3145 888 3215 V3
906 3147 972 3203 fort.
987 3135 1013 3217 I,
1031 3145 1075 3205 τοὶ.

99 3222 122 3269 7.
141 3216 191 3287 τοί]
210 3219 266 3271 τῶν
285 3217 319 3272 V.
392 3225 417 3274 8.
436 3218 506 3289 τῶν]
525 3216 561 3272 τοί
580 3217 614 3274 V.
689 3223 729 3273 10.
749 3220 913 3287 σαφανίζαν
933 3218 965 3274 V.
1033 3226 1075 3276 1⁷.

62 3281 180 3360 ταῦτοί]
199 3289 238 3344 sic
257 3289 290 3344 V.
366 3296 407 3344 19.
428 3283 482 3362 ιβ’]
504 3288 546 3343 ια’
567 3296 604 3358 q?

464 3577 676 3586 ——.—.—...
