2414 4236
147 505 211 567 124
297 506 454 558 sonem
471 506 512 557 IN
529 503 804 557 ELEMEN'I'ORUM
821 502 962 555 mmm
973 500 997 555 1.

530 665 587 731 Ad
609 687 714 750 prop.
737 663 777 730 V.

212 790 264 855 36.
287 783 332 854 ‘H
345 786 408 875 μέν
426 784 491 856 ὑπὸ
511 792 610 855 ΑΓΖ
627 812 658 873 p.
673 788 725 873 20,
739 788 797 869 22]
816 780 876 865 τάς
891 780 959 853 ὑπὸ
976 810 1041 871 την
1059 782 1167 871 βάσιν

145 898 270 978 γωνίας
296 895 384 979 λέγει
415 898 477 962 τοῦ
509 894 542 975 έξ
574 892 680 979 ἀρχῆς
710 891 869 970 τεθέντος
898 888 1071 977 τριγώνου
1102 890 1168 959 τοῦ

146 1003 254 1082 ΑΒΓ,
274 995 313 1079 άς
326 999 383 1066 καὶ
398 1006 471 1079 ίσας
488 997 645 1084 βούλεται
660 998 779 1079 δείξαι·
801 998 902 1065 τοῦτο
921 992 985 1084 γάρ
1005 996 1040 1077 ἐξ
1058 992 1167 1085 ἀρχῆς

109 1102 351 1191 ηπροὺθηιιεν.

212 1214 264 1279 37.
305 1215 380 1279 Τῶν
408 1209 638 1298 θεωρημάτων
665 1208 706 1278 τά
729 1209 791 1297 μέν
813 1210 905 1278 έστιν
925 1204 1030 1294 άπλά,
1058 1206 1102 1277 τά
1122 1208 1161 1279 δέ

145 1316 303 1385 σύνθετα.
340 1320 426 1405 λέγω
450 1317 487 1386 δέ
510 1314 611 1402 ἁπλᾶ,
635 1314 699 1385 ὅσα
720 1315 776 1384 καὶ
797 1312 880 1384 ιιατά
902 1312 963 1396 τάς
979 1311 1165 1397 ὑποθέσεις

144 1423 200 1490 καὶ
223 1423 305 1491 κατά
327 1422 368 1492 τά
392 1423 652 1510 σνμπεράσματα
674 1420 849 1511 άδιαίρετά
872 1424 964 1490 ἐστιν
984 1422 1023 1489 ἓν
1041 1424 1164 1509 ἔχοντα

144 1526 182 1596 τὸ
206 1531 391 1616 δεδομένον
408 1528 520 1598 καὶτὸ
541 1530 756 1616 ζητούμενον,
781 1522 856 1597 οἷον
875 1532 905 1596 εί
923 1524 1031 1607 οὕτως
1047 1532 1162 1616 έλεγευ

93 1664 126 1712 10
146 1632 163 1701 ὁ
188 1636 412 1723 στοιχειωτής·
442 1640 510 1704 πᾶν
533 1643 701 1724 τρίγωνον
725 1633 892 1715 ἰσοσκελὲς
915 1641 990 1713 λσας
1012 1638 1080 1721 ἔχει
1102 1632 1162 1715 τάς

144 1740 229 1826 πρὸς
260 1744 300 1828 τῇ
332 1742 428 1826 βάσει
461 1746 593 1828 γωνίας.
648 1741 778 1810 τούτων
809 1736 850 1808 τά
881 1741 944 1825 μέν
977 1741 1046 1809 έστι
1077 1760 1161 1829 συμ·

143 1848 362 1932 πεπλεγμένα,
375 1844 416 1914 τά
431 1846 468 1914 δέ
482 1843 701 1933 άσύμπλειιτα.
724 1854 792 1916 ἔστι
808 1846 845 1914 δὲ
858 1844 1072 1933 άσάμπλειιτα
1085 1848 1161 1936 μέν,

145 1951 208 2019 ὅσα
232 1950 382 2019 σύνθετα
406 1952 489 2020 ὄντα
511 1951 556 2039 μὴ
582 1954 756 2040 δυνάμενα
780 1957 986 2041 διαιρεῖσθαι
1005 1957 1053 2033 είς
1071 1950 1162 2021 άπλά

144 2057 357 2144 θεωρήματα,
376 2062 650 2146 συμπεπλεγμένα
665 2063 714 2146 δέ,
729 2058 791 2128 ὅσα
807 2064 983 2149 διαιρεῖται
998 2064 1046 2138 είς
1060 2057 1161 2145 διπλᾶ,

93 2190 126 2240 15
146 2159 220 2233 οἷον
235 2167 342 2232 έκεῖνο
357 2165 394 2234 τὸ
410 2165 584 2252 θεώρημα·
608 2163 647 2233 τά
665 2173 813 2252 τρίγωνα
826 2167 881 2233 καὶ
895 2165 936 2233 τὰ
950 2165 1161 2252 παραλληλό-

144 2298 279 2358 γραμμα
302 2269 367 2339 ὑπὸ
391 2268 428 2339 τὸ
454 2269 534 2339 αὐτὸ
560 2268 647 2350 ὕψος
670 2270 751 2339 ὅντα
773 2273 829 2339 καὶ
853 2272 940 2358 ἑξῆς·
975 2268 1100 2358 ὁμοίως
1125 2272 1162 2340 δὲ

143 2377 279 2446 πάντων
308 2382 375 2445 τῶν
404 2381 581 2446 συνθέτων
610 2375 649 2444 τά
677 2378 738 2463 μέν
765 2379 848 2446 κατά
875 2376 913 2445 τὸ
940 2379 1162 2466 συμπέρασμα

144 2492 338 2552 συντίθεται
362 2480 427 2550 άπὸ
450 2487 508 2569 τῆς
531 2480 633 2568 αὐτῆς
660 2481 854 2562 ὑποθέσεως
882 2481 1091 2569 ὁρμηθέντα,
1120 2484 1161 2553 τά

145 2591 181 2657 δὲ
204 2588 286 2657 κατά
311 2587 368 2667 τάς
391 2587 570 2667 ὑποθέσεις
593 2594 659 2674 ἔχει
678 2587 740 2675 τὴν
760 2589 926 2657 σύνθεσιν
944 2587 1056 2657 καὶτὸ
1075 2587 1160 2659 αὑτὸ

91 2719 125 2767 20
144 2694 267 2772 πάσαις
286 2693 398 2777 ἐπάγει
418 2695 648 2780 συμπέρασμα,
671 2693 710 2760 τά
730 2695 767 2763 δέ
786 2693 868 2762 κατά
882 2693 919 2763 τὸ
939 2697 1161 2782 συμπέρασμα

142 2800 199 2866 καί
227 2800 285 2877 τάς
310 2796 491 2878 ὑποθέσεις
519 2798 668 2866 σύνθετά
697 2803 774 2869 ἐστι.
819 2799 900 2868 κατά
929 2801 992 2888 μὲν
1025 2793 1089 2869 οὖν
1122 2800 1160 2870 τὸ

145 2908 363 2993 συμπέρασμα
388 2904 549 2985 σύνθεσίς
572 2908 662 2974 ἐστιν
686 2906 750 2994 γὰρ
775 2908 827 2975 ἐπὶ
850 2907 972 2975 τούτου
995 2911 1055 2975 τοῦ
1073 2917 1161 2977 θεω-

143 3011 289 3098 ρήματος
311 3017 386 3095 τρία
408 3010 449 3079 τά
471 3012 701 3099 συναγόμενα,
733 3012 784 3081 ὅτι
808 3018 846 3081 αί
865 3012 981 3099 βάσεις
1000 3023 1080 3098 ἴσαι,
1107 3013 1160 3084 ὅτι

143 3117 182 3185 τά
207 3125 354 3206 τρίγωνα
379 3126 444 3200 ίσα,
469 3117 520 3185 ὅτι
544 3123 581 3185 αί
602 3121 715 3187 λοιπαὶ
738 3125 858 3206 γωνίαι
879 3129 959 3205 ίσαι,
982 3118 1042 3206 ὑφ’
1064 3118 1106 3200 άς
1125 3124 1164 3189 αλ

89 3248 123 3297 25
143 3232 212 3290 ίσαι
245 3225 385 3308 πλευραὶ
418 3222 664 3291 ὑποτείνουσιν.
710 3223 793 3293 κατά
827 3224 864 3292 δέ
892 3224 951 3304 τάς
978 3222 1162 3307 ὑποθέσεις

143 3331 194 3397 ε’πί
218 3335 278 3398 τοῦ
302 3334 420 3398 κοινοῦ
444 3333 511 3398 τῶν
530 3329 706 3415 τριγώνων
725 3333 780 3398 καὶ
799 3332 1160 3421 παραλληλογράμμων

141 3436 360 3523 θεωρήματος
384 3440 452 3503 τῶν
476 3433 540 3503 ὑπὸ
564 3435 601 3505 τὸ
627 3435 709 3505 αὐτὸ
733 3436 819 3518 ὕψος
843 3436 963 3506 ὄντων.
1004 3437 1076 3506 κατ’
1098 3438 1161 3527 άμ-

212 3656 254 3702 36.
277 3668 303 3717 p.
377 3654 419 3703 37.
440 3649 468 3702 Ρ.

68 3876 104 3992 ι
215 3849 255 3898 13.
276 3840 408 3896 σάνθατα
422 3842 452 3897 Ρ.
509 3849 550 3899 17.
570 3843 735 3899 συνθέντων
750 3843 779 3898 Ρ.
835 3850 878 3899 22.
893 3844 984 3900 Locus
999 3852 1162 3917 corruptus.
