2414 4236
20 39 1142 257 w

338 460 520 509 εΡΡΕοουι
539 460 775 511 εοΗοιιοιιυοι
789 462 810 513 1.
1021 458 1085 522 687

71 597 421 685 παραλληλόγραμμον
453 596 537 685 πρὸς
568 596 606 666 τὸ
638 597 873 684 πεντάγωνον,
908 597 1015 679 οὕτως
1048 600 1086 667 τὸ

72 703 138 772 ὑπὸ
177 711 293 772 ΑΗΔ
329 703 680 791 παραλληλόγραμμον
715 701 799 792 πρὸς
834 703 873 772 τὸ
910 711 1085 792 τρίγωνον.

72 810 214 890 ἐναλλὰξ
237 808 311 897 ἄρα.

139 921 191 985 26.
229 922 300 985 Καί
325 920 389 982 είσι
418 914 549 983 δυόδεκα
577 942 608 1003 p.
632 919 684 1002 24,
709 919 743 999 5]
773 916 843 984 ἐπεὶ
875 914 939 1002 γὰρ
969 913 990 1001 ἡ
1023 917 1085 1003 μὲν

73 1031 135 1091 ΒΘ
162 1029 417 1091 πενταπλασίων
439 1025 500 1108 τῆς
522 1028 599 1106 ΘΓ,
631 1018 652 1107 ἡ
682 1021 719 1090 δὲ
742 1028 808 1090 ΒΓ
835 1026 895 1108 τῆς
921 1028 986 1089 ΘΓ
1015 1023 1084 1102 ἑξα-
1122 1049 1138 1097 ε

72 1135 233 1214 πλαισίων,
257 1129 364 1209 ἑξάκις
386 1126 408 1215 ἡ
428 1135 491 1195 ΒΘ
513 1126 669 1206 πεντάκις
685 1130 725 1216 τῇ
742 1133 810 1196 ΒΓ
830 1138 884 1214 ίση
904 1133 1006 1214 ἔσται,
1029 1130 1086 1196 καὶ

73 1234 247 1322 ἀναλόγως
271 1238 452 1313 δωδεκάκις
474 1231 494 1320 ἡ
516 1240 580 1302 ΒΘ
602 1233 735 1314 δεκάκις
757 1239 798 1323 τῇ
821 1240 889 1303 ΒΓ
907 1238 997 1303 ἐστιν
1021 1243 1086 1321 ίση.

141 1346 193 1410 27.
225 1339 283 1422 Ὡς
304 1340 343 1409 τὸ
367 1337 433 1409 ἀπὸ
455 1345 515 1427 τῆς
533 1347 573 1408 Η
590 1340 674 1426 πρὸς
694 1339 732 1408 τὸ
754 1338 819 1408 ἀπό
838 1352 898 1428 τῆς
915 1349 956 1425 Β,
980 1339 1086 1421 οὕτως

74 1447 125 1533 [τὸ
148 1446 375 1534 τετράγωνον]
399 1446 436 1514 τὸ
460 1455 535 1514 ίσον
558 1460 628 1525 τοῖς
650 1443 716 1514 ἀπὸ
738 1450 808 1514 των
825 1454 898 1533 ΒΓ,
917 1454 980 1515 ΓΔ
1002 1446 1086 1532 πρὸς

70 1553 109 1622 τὸ
132 1552 343 1640 τετράγωνον
364 1551 403 1621 τὸ
428 1561 505 1620 ίσον
526 1565 598 1631 τοῖς
620 1549 686 1620 ἀπὸ
709 1555 778 1620 τῶν
801 1558 874 1638 ΒΓ,
898 1560 973 1622 ΖΔ.
1105 1576 1139 1624 10

138 1664 191 1728 28.
224 1659 281 1728 Ἐν
310 1660 348 1727 δὲ
375 1673 446 1739 ταῖς
476 1664 635 1746 σφαίραις
662 1686 693 1747 p.
717 1663 769 1745 28,
792 1662 849 1742 22]
879 1657 924 1738 ὡς
952 1661 989 1727 ἐν
1016 1674 1085 1740 τοῖς

71 1781 262 1853 σφαιρικοίς
283 1770 346 1834 τοῦ
369 1769 556 1834 Θεοδοσίου
580 1767 751 1834 δέδεικται.

139 1876 192 1941 29.
219 1871 291 1941 Ὅτι
320 1871 381 1959 μὲν
410 1881 485 1940 ίσον
509 1870 692 1961 ἀπέχουσιν
714 1871 780 1940 ἀπὸ
804 1876 865 1939 τοῦ
888 1872 1029 1958 κέντρου
1052 1876 1088 1940 οί

72 1980 109 2046 ἐν
131 1983 171 2066 τῇ
196 1984 324 2066 σφαίρᾳ
348 1986 416 2045 ίσοι
437 1977 571 2065 κύκλοι,
600 1982 773 2046 δείκνυταί
794 2002 864 2057 πως
886 1977 942 2046 διά
966 1983 1028 2046 τοῦ
1052 1976 1085 2053 ς’

73 2088 136 2152 τοῦ
158 2082 294 2169 πρώτον
316 2087 384 2150 τῶν
408 2087 609 2171 οφαιρικοῑν·
634 2081 685 2151 ὅτι
704 2083 742 2151 δὲ
759 2085 815 2151 καλ
834 2085 887 2152 ἐπὶ
904 2085 945 2151 τὰ
964 2086 1085 2171 κέντρα
1105 2105 1138 2155 16

72 2194 141 2258 τῶν
160 2189 292 2258 κύκλων
311 2193 491 2256 πίπτουσιν
510 2192 548 2256 αί
559 2187 624 2257 ἀπὸ
637 2193 699 2257 τοῦ
712 2190 854 2275 κέντρου
866 2193 925 2276 τῆς
939 2194 1085 2277 σφαίρας

72 2297 125 2364 ἐπὶ
147 2294 188 2363 τὰ
213 2296 350 2362 ἐπίπεδα
372 2293 512 2362 κάθετοι
535 2293 709 2381 ἀγόμεναι,
734 2298 838 2381 δῆλον
862 2293 928 2363 ἀπὸ
946 2306 1009 2364 τοῦ
1027 2323 1084 2365 πο-

72 2409 231 2489 ρίσματος
252 2404 314 2469 τοῦ
337 2400 473 2488 πρώτου
495 2401 713 2488 θεωρήματος
730 2405 791 2468 τοῦ
810 2403 845 2468 α’
862 2406 998 2488 βιβλίου
1016 2408 1083 2472 τῶν

71 2512 269 2594 σφαιρικιόν.

138 2617 191 2682 30.
227 2611 328 2681 Ὥστε
354 2613 410 2680 καὶ
439 2611 483 2694 ὡς
511 2611 549 2681 τὸ
573 2610 639 2680 ἀπό
666 2637 698 2699 p.
721 2615 775 2697 34,
802 2619 832 2697 1]
864 2611 950 2681 ἀλλὰ
973 2615 1011 2683 τὸ
1035 2642 1082 2684 τε·
1103 2635 1139 2686 20

69 2719 185 2806 τράκις
206 2716 273 2787 ὑπὸ
296 2723 365 2788 τῶν
384 2727 461 2806 ΑΒ,
480 2725 547 2787 ΒΓ
565 2717 645 2805 μετὰ
669 2722 731 2786 τοῦ
753 2716 818 2787 ἀπὸ
841 2730 899 2807 τῆς
918 2727 988 2789 ΛΓ
1008 2730 1083 2790 ίσον

71 2827 140 2896 ἐστὶ
161 2837 208 2917 τῷ
231 2823 297 2893 ἀπο
316 2829 375 2911 τῆς
388 2831 453 2892 ΑΒ
476 2824 532 2891 κοιλ
549 2827 611 2892 τοῦ
628 2828 751 2892 λοιποῦ
768 2824 935 2912 τμίματος
948 2831 1007 2913 τῆς
1020 2834 1087 2896 ΒΓ

71 2931 201 3020 δηλαδὴ
219 2929 263 3012 ὡς
282 2930 348 3000 ἀπὸ
369 2934 444 3019 μιᾶς
461 2928 690 3019 ἀναγραφέντι
707 2931 904 3024 τετραγώνῳ
925 2932 981 3001 διὰ
995 2931 1034 3001 τὸ
1047 2933 1083 3019 η’

68 3043 131 3108 τοῦ
155 3040 314 3125 δευτέρου
334 3041 478 3124 βιβλίον.

137 3147 189 3212 31.
220 3142 279 3224 Ὡς
302 3142 557 3232 συναμφότερος
578 3141 599 3230 ἡ
624 3149 727 3211 ΑΒΓ
750 3169 781 3231 p.
802 3147 856 3227 34,
879 3147 913 3227 3]
944 3148 982 3212 αί
1006 3152 1082 3231 ΑΒ,
1101 3167 1136 3218 25

71 3255 137 3316 ΒΓ
156 3248 237 3336 μετὰ
260 3260 319 3337 τῆς
339 3254 407 3317 ΑΓ
427 3248 490 3317 δύο
513 3250 600 3317 είσὶν
620 3253 658 3316 αί
673 3257 752 3318 ΑΒ·
776 3247 880 3337 ἡγάρ
895 3255 964 3318 ΑΓ
982 3271 1082 3338 προσ-

141 3466 184 3515 26.
203 3459 251 3515 Ψ.
305 3466 349 3516 2⁷.
367 3460 407 3515 Ψ
427 3461 474 3532 (εδ
493 3479 520 3531 p.
536 3466 580 3526 2³.
598 3464 636 3531 4).
687 3467 730 3517 28.
750 3461 797 3518 Ψ.
851 3467 894 3519 29.
914 3462 952 3518 Ψ
972 3463 1083 3532 (eodem

70 3530 213 3601 pertinet).
286 3536 329 3586 30.
349 3530 397 3586 Ψ.
470 3538 512 3586 31.
532 3531 579 3588 Ψ.

142 3734 165 3782 9.
186 3746 218 3781 το
237 3721 427 3797 τετράγωνον]
447 3741 528 3783 enan.
547 3727 582 3782 V.
675 3733 715 3783 10.
736 3726 802 3799 ΖΔ]
822 3743 873 3783 εστ.
893 3732 956 3783 ΒΔ.
1039 3734 1082 3783 25.

69 3795 118 3869 αλ]
138 3797 276 3853 incertum
295 3797 330 3853 ob
350 3797 490 3853 maculam
509 3797 534 3852 V
555 3798 630 3869 (fort.
649 3792 688 3867 ἡ).
