2414 4236
246 508 403 563 scnom
420 512 460 564 m
477 511 753 564 ELEMENTOBUM
768 512 910 564 LIBRUM
922 512 944 564 1.
1034 509 1098 575 107

78 650 210 740 τρόπον
231 647 292 730 τάς
312 649 547 740 παραλλήλους
569 648 720 736 εὐθείας,
752 648 770 721 ὁ
795 651 833 720 δέ
855 653 1099 732 Ποσειδώνιος·

82 755 307 848 παράλληλοι,
336 763 457 844 φησίν,
485 762 571 825 είσιυ
599 761 637 825 αί
661 757 744 845 μήτε
767 759 994 827 σννυεύουσαι
1017 757 1099 845 μήτε

82 862 312 933 ἀπονεύουσαι
336 866 374 932 ἐν
397 863 448 932 ἑνὶ
472 865 628 955 ἐπιπέδῳ,
651 861 725 933 ἀλλ’
743 873 818 944 ίσας
836 870 972 951 ἔχουσαι
989 864 1099 943 πόσας

82 970 145 1051 τὰς
165 971 330 1049 καθέτους
351 968 411 1051 τὰς
433 967 599 1058 ἀγομένας
628 968 695 1039 ἀπὸ
723 975 792 1039 τῶν
817 975 876 1056 τής
909 972 1019 1058 ἑτέρας
1042 991 1098 1057 ση·

81 1083 189 1166 μείων
210 1077 264 1146 έπί
282 1075 346 1164 τήν
363 1078 498 1163 λοιπήν·
521 1074 598 1145 ὅσαι
617 1073 650 1145 δ’
667 1073 711 1145 ἀν
731 1076 888 1156 ἐλάττους
905 1072 957 1144 ἀεὶ
976 1081 1133 1150 ποιόσισ

82 1210 144 1264 τας
165 1184 343 1267 καθέτους,
367 1181 592 1251 συννεύουσιν
615 1182 787 1268 ἀλλήλαις·
824 1180 844 1270 ή
869 1181 933 1270 γὰρ
956 1183 1099 1262 κάθετος

78 1289 121 1358 τά
136 1315 172 1358 τε
184 1288 257 1375 ὕψη
270 1298 340 1358 τῶν
354 1295 489 1376 χωρίων
502 1289 558 1356 καί
571 1286 611 1355 τά
628 1288 834 1375 διαστήματα
847 1299 916 1356 τιδν
935 1299 1098 1375 γραμμῶν

80 1395 206 1484 ὁρίζειν
225 1394 377 1465 δύναται.
414 1397 530 1481 διόπερ
549 1403 634 1463 ίσων
652 1396 714 1482 μὲν
728 1399 798 1464 τῶν
810 1398 964 1464 καθέτου
984 1392 1097 1464 οὐσῶν

82 1512 142 1571 ίσα
163 1501 203 1570 τά
227 1501 434 1589 διαστήματα
456 1514 526 1572 τῶν
549 1499 711 1587 εὐθειῶν,
741 1501 904 1589 μειζόνων
926 1502 982 1568 καὶ
1006 1502 1097 1569 ἐλατ-

81 1608 196 1679 τόνων
218 1609 427 1695 γιγνομένων
444 1608 510 1675 καί
540 1605 562 1694 ή
589 1604 773 1688 ἀπόστασις
800 1610 1014 1689 έλασσοῦται,
1042 1607 1097 1674 καί
1118 1631 1151 1680 10

81 1713 308 1786 συννεύουσιν
335 1712 510 1802 ἀλλήλαις,
544 1712 598 1800 ἐφ’
623 1711 645 1782 ἀ
674 1715 756 1802 μέρή
785 1714 872 1782 είσὶυ
900 1716 938 1780 αί
958 1712 1097 1783 κάθετοι

82 1821 272 1902 ἐλάσσονες.
322 1826 376 1891 δεῖ
403 1822 440 1890 δὲ
472 1823 614 1906 εἰδέναι,
648 1818 699 1890 ότι
731 1820 768 1890 τὸ
802 1819 1023 1907 ἀσύμπτωτον
1056 1817 1097 1888 ού

81 1928 215 2010 πάντως
236 1927 472 2016 παραλλήλους
495 1941 585 1995 ποιεί
599 1927 659 2006 τὰς
678 1926 843 2014 γραμμάς·
871 1927 926 1995 καί
944 1925 1009 2014 γάρ
1028 1938 1097 1996 τῶν

84 2032 297 2122 δμοαίντρων
320 2032 453 2101 κύκλων
475 2036 513 2100 αί
532 2034 739 2120 περιφέρειαι
765 2030 806 2101 οὐ
833 2038 1096 2119 συμπίπτουσιν·

80 2138 169 2209 ἀλλά
192 2143 246 2208 δεί
265 2140 322 2206 καὶ
350 2137 400 2208 ἐπ’
426 2138 566 2224 ἀπειρου
593 2135 698 2218 αὐτάς
720 2137 950 2223 ἐκβάλλεσθαι.
995 2151 1095 2208 τοῦτο
1117 2158 1150 2208 15

81 2247 122 2317 δὲ
144 2243 187 2315 οὐ
209 2244 331 2333 μόναις
352 2242 493 2335 ύπάρχει
516 2260 589 2325 ταῖς
612 2244 770 2331 εὐθείαις,
792 2241 878 2311 ἀλλά
901 2244 957 2310 καὶ
981 2243 1097 2325 ἀλλοις

80 2365 259 2441 γραμμαῖς·
284 2351 431 2422 δυνατὸν
450 2362 515 2440 γὰρ
534 2357 656 2440 νοῆσαι
675 2351 875 2437 τεταγμένας
894 2351 1004 2429 ἕλικας
1021 2351 1097 2435 περὶ

80 2457 218 2539 εὐθείας
251 2461 482 2546 γραφομένας,
524 2461 647 2537 αἵτινες
684 2458 989 2544 συνεκβαλλόμεναι
1024 2470 1097 2535 ταῖς

80 2563 233 2645 εὐθείαις
255 2568 302 2646 είς
324 2563 467 2652 ἀπειρον
489 2562 571 2633 οὐδὲ
593 2563 668 2633 τότε
692 2569 947 2650 συμπίπτουσιν.
992 2573 1097 2631 ταῦτα

79 2672 143 2759 μὲν
163 2664 226 2740 οὐν
244 2669 334 2758 παρά
351 2671 483 2740 τούτων
503 2670 617 2758 ὀρθῶς
631 2676 772 2758 Γεμῖνος
791 2674 914 2739 διεῖλεν
935 2671 967 2752 ἐξ
984 2667 1097 2757 ἀρχῆς,
1116 2687 1151 2737 20

81 2776 137 2846 ὅτι
158 2788 228 2846 τῶν
249 2789 413 2865 γραμμῶν
427 2780 479 2857 4αί
503 2778 565 2865 μέν
594 2781 679 2845 εἰσιν
704 2774 885 2864 ὡρισμέναι
908 2776 963 2844 καί
987 2789 1097 2864 σχῆμα

79 2886 308 2972 περιέχουσιν,
330 2882 375 2963 ἀς
399 2882 417 2952 ὁ
440 2884 562 2963 κύκλος
579 2883 634 2950 καὶ
653 2880 674 2969 ή
693 2893 752 2969 τῆς
770 2886 945 2963 ἐλλείψεως
963 2879 1097 2969 γραμμή

80 2989 138 3058 καὶ
158 2985 179 3076 ἡ
198 2988 390 3076 κισσοειδής
406 2990 462 3057 καί
476 2988 576 3058 ἀλλαι
590 2997 811 3076 παμπληθεῖς,
835 2992 873 3056 αί
890 2987 928 3055 δέ
945 2984 1097 3072 ἀόριστοι

78 3097 138 3165 καί
160 3098 210 3175 είς
231 3093 372 3182 ἀπειρον
395 3096 648 3183 ἐκβαλλόμεναι,
672 3092 717 3174 ἀς
739 3094 760 3181 ή
784 3092 903 3162 εὐθεῖα
923 3092 979 3158 καὶ
996 3089 1017 3177 ἡ
1037 3093 1098 3158 τοῦ

78 3199 299 3287 ὀρθογωνίου
321 3201 435 3271 κύνου
457 3201 541 3289 τομή
565 3202 620 3269 καί
643 3199 664 3288 ή
692 3211 754 3270 τοῦ
780 3197 1018 3286 ἀμβλυγωνίου
1040 3196 1096 3264 καὶ
1115 3216 1151 3267 25

79 3305 103 3394 ή
126 3308 333 3395 κογχοειδής.
378 3308 481 3376 πόλιν
505 3307 543 3376 δὲ
566 3304 679 3377 αὐτῶν
702 3311 750 3385 είς
773 3303 913 3391 ἀπειρον
941 3304 1099 3388 ἐκβαλλο-

80 3416 195 3500 μένων
223 3417 261 3482 αί
287 3413 350 3502 μὲν
377 3413 479 3484 οὐδὲν
508 3425 619 3502 σχῆμα
647 3412 972 3499 περιλαμβάνουσιν,
1006 3406 1050 3486 ὡς
1077 3404 1098 3494 ή

76 3518 199 3589 εὐθεῖα
222 3522 278 3589 καί
302 3525 340 3588 αί
359 3523 499 3590 κωνικαλ
521 3522 620 3609 τομαὶ
644 3523 682 3587 αί
700 3520 885 3607 εἰρημέναι,
908 3518 947 3582 αί
964 3515 1001 3583 δέ
1020 3536 1100 3582 συν-

151 3721 178 3771 2.
196 3710 394 3786 παραλλήλοις.
468 3722 493 3773 6.
513 3714 667 3787 καθέτοος]
691 3707 763 3767 καθ’
783 3707 881 3766 αὐτού.
957 3715 998 3765 15.
1017 3705 1099 3781 ἀλλά]

76 3804 151 3845 οοπ.
170 3803 207 3844 ox
225 3784 342 3857 ἄλληλα.
414 3793 458 3842 21.
477 3788 602 3857 γραμῶν,
621 3802 705 3857 supra
718 3783 782 3839 add.
797 3805 825 3856 μ.
898 3778 1109 3857 2241}me

75 3876 133 3917 τοι.
153 3876 192 3914 m.
211 3864 239 3917 λ.
314 3854 471 3925 ίιιλείυεας,
544 3865 586 3915 23.
606 3857 781 3933 παμπληθῆ,
800 3876 875 3918 corr.
894 3879 935 3918 m.
951 3865 982 3917 θ.
