2414 4236
265 482 422 536 scfloffl
440 484 479 536 m
496 484 772 538 ELEMENTORUM
789 485 929 537 LIBRUM
943 486 964 540 1.
1075 483 1117 548 87

99 647 216 708 γονον
237 622 294 690 καί
318 621 450 709 άνισον,
472 620 518 705 ῶς
539 624 664 710 ποσόν,
688 622 772 692 ἀλλὰ
795 622 862 711 μὴν
887 630 953 712 ἔχει
976 624 1032 692 καὶ
1055 624 1118 711 τὴν

101 725 242 796 κατὰτὸ
260 732 370 816 σχῆμα
388 731 558 816 ποιότητα,
582 734 648 816 ἔχει
666 729 705 798 δέ
722 730 778 797 καὶ
792 728 853 816 τὴν
867 741 936 798 τῶν
955 742 1118 817 γραμμῶν

102 831 186 919 πρὸς
212 831 340 921 ἄλληλα
366 841 487 904 κλίσιν.
531 836 588 903 καὶ
614 832 635 922 ἡ
664 842 771 922 γωνία
794 841 911 904 τοίνυν
935 837 1117 905 δεῖταικαὶ

103 937 293 1026 ποιότητος,
329 939 410 1008 καθ’
443 938 488 1029 ἢν
520 937 594 1010 οἷον
627 941 763 1029 μορφὴν
797 946 923 1010 οίκεῖαυ
960 947 1026 1030 ἔχει
1061 943 1117 1011 καὶ

102 1050 291 1133 χαρακτῆρα
314 1051 373 1133 τῆς
390 1044 573 1134 ὑπάρξεως·
599 1048 778 1116 δεῖταικαὶ
802 1052 860 1134 τῆς
883 1048 1024 1134 σχέσεως
1045 1053 1116 1117 τῶν
1153 1073 1169 1122 ρ

101 1150 337 1241 άφοριζονσῶν
352 1150 459 1239 αὐτὴν
472 1157 646 1240 γραμμῶν,
661 1153 716 1221 καί
731 1152 881 1240 διαιρετὴ
896 1155 1010 1239 μέντοι
1026 1155 1116 1222 ἐστὶν

99 1260 156 1326 καὶ
180 1258 333 1344 ἰσότητος
354 1260 410 1326 καὶ
433 1256 631 1344 ἀνισότητος
649 1259 792 1344 δεκτική,
816 1256 879 1327 ούκ
898 1258 1116 1345 ἀναγκάζεται

100 1364 138 1433 δέ
160 1391 222 1434 τον
244 1362 348 1449 λόγον
372 1365 585 1450 ἐπιδέχεσθαι
603 1368 672 1431 τῶν
690 1362 865 1451 ὁμογενῶν
884 1368 1039 1451 μεγεθῶν
1059 1362 1117 1431 διὰ

98 1468 138 1539 τὸ
161 1471 219 1537 καὶ
240 1469 400 1557 ποιότητα
418 1469 615 1552 ἰδιάζουσαν
634 1475 732 1557 ἔχειν,
750 1469 829 1538 καθ’
846 1467 890 1558 ἣν
908 1469 1120 1557 άσύμβλητοί

100 1579 190 1643 εἰσιν
203 1575 361 1655 πολλάκις
374 1584 496 1662 γωνίαι
510 1574 609 1644 ἄλλαι
623 1575 748 1656 άλλαις.
776 1581 807 1645 εί
820 1576 861 1663 δὴ
877 1576 961 1663 πρὸς
974 1577 1116 1656 τούτους
1136 1603 1169 1652 10

100 1679 345 1767 άποβλέποιμεν
362 1680 444 1760 τοὺς
460 1681 757 1769 προσδιορισμούς,
782 1682 837 1749 καὶ
855 1680 896 1748 τά
914 1680 1025 1768 ἄπορα
1044 1685 1114 1749 δια-

97 1786 247 1874 λύσομεν
264 1788 320 1855 καὶ
338 1786 400 1873 τὴν
416 1787 567 1874 ἰδιότητα
581 1791 640 1874 τῆς
653 1795 777 1874 γωνίας
795 1785 993 1875 εὑρήσομεν.
1029 1785 1114 1856 ἀλλὰ

97 1903 204 1961 ταῦτα
231 1892 294 1980 μὲν
322 1891 441 1972 οὕτως·
483 1899 551 1962 τῶν
580 1894 618 1962 δέ
644 1899 779 1981 γωνιῶν
806 1896 866 1974 τάς
892 1895 954 1982 μὲν
982 1896 1019 1962 ἐν
1047 1895 1114 1963 ἐπι-

99 2005 223 2088 φανείᾳ
246 2004 470 2067 συνίστασθαι
493 2001 642 2085 λεκτέον,
670 1999 728 2080 τάς
752 1999 783 2068 δ’
810 2003 846 2069 ἐν
870 2014 1030 2088 στερεοῖς,
1058 2001 1114 2068 καὶ

99 2108 168 2173 τῶν
181 2107 218 2174 ἐν
233 2106 441 2192 ἐπιφανείαις
453 2105 512 2185 τὰς
526 2106 588 2193 μέν
603 2109 640 2175 έν
654 2106 785 2191 ἁπλαῖς,
799 2105 857 2186 τὰς
872 2105 903 2174 δ’
919 2110 956 2175 έν
970 2119 1112 2193 μικταῖς·
1134 2133 1167 2182 15

98 2210 155 2278 καί
182 2209 247 2298 γάρ
277 2213 314 2279 ἐν
340 2223 381 2300 τῇ
411 2216 609 2302 κυλινδρικῇ
639 2215 817 2301 ἐπιφανείᾳ
843 2210 965 2297 γένοιτ’
991 2207 1034 2279 άν
1058 2212 1113 2278 καὶ

98 2319 135 2384 ἐν
157 2320 198 2406 τῇ
220 2321 360 2406 κωνικῇ
391 2323 460 2386 τῶν
485 2317 516 2385 δ’
543 2321 579 2387 ἐν
603 2333 675 2399 ταῖς
697 2315 816 2397 διπλαῖς
839 2321 877 2385 αί
897 2316 958 2404 μὲν
983 2321 1018 2385 ἐν
1042 2331 1114 2397 ταῖς

97 2429 268 2511 σφαίραις,
287 2427 326 2490 αί
341 2423 378 2491 δέ
398 2426 434 2492 ἐν
453 2438 522 2505 τοῖς
542 2428 711 2504 ἐπιπέδοις
729 2429 843 2511 έχουσι
862 2422 924 2511 την
943 2422 1113 2491 σύστασιν.

96 2533 165 2598 τῶν
180 2527 212 2596 δ’
229 2531 351 2609 ἐντοῖς
370 2532 536 2610 ἐπιπέδοις
555 2535 592 2598 αί
609 2530 671 2617 μὲν
683 2528 750 2599 ὑπὸ
769 2527 887 2598 ἁπλῶν
904 2529 1113 2616 περιέχονται

95 2640 276 2724 γραμμῶν,
305 2639 342 2703 αί
369 2637 406 2704 δὲ
432 2634 498 2705 ύπὸ
527 2642 669 2724 μικτῶν,
697 2640 735 2704 αί
756 2637 794 2705 δὲ
816 2633 873 2704 ὑπ’
899 2633 1111 2722 ἀμφοτέρων·
1131 2662 1167 2712 20

96 2745 134 2811 ἐν
152 2741 218 2831 γὰρ
235 2752 282 2834 τῷ
301 2747 414 2834 θυρεῷ
434 2745 618 2830 περιέχεται
635 2749 742 2829 γωνία
755 2769 805 2822 τις
822 2741 889 2811 ὑπὸ
910 2745 972 2811 τοῦ
993 2740 1114 2823 ἄξονος

94 2850 152 2916 καί
174 2852 235 2936 τῆς
255 2851 318 2916 τοῦ
340 2853 470 2932 θυρεοῦ
488 2854 653 2936 γραμμῆς,
677 2847 881 2917 καὶτούτων
899 2848 920 2935 ἡ
941 2849 1002 2935 μέν
1021 2851 1112 2917 ἐστιν

93 2952 196 3041 διπλῆ,
221 2951 242 3042 ἡ
266 2953 305 3021 δέ
326 2954 434 3042 μικτή,
457 2957 514 3023 καὶ
538 2954 623 3036 ὅλως
640 2957 760 3023 πολλαί
778 2960 930 3024 τοιαῦται
950 2955 1112 3039 διαφοραί

93 3074 167 3141 τοῖς
185 3065 439 3147 φιλομαθοῦσιν
459 3061 682 3149 ὀφθήσονται.
708 3061 831 3141 ταύτας
849 3065 967 3129 τοίνυν
982 3056 1112 3139 ἁπάσας

92 3163 154 3245 τάς
177 3168 215 3235 ἐν
233 3168 401 3249 ἐπιπέδοις
419 3169 661 3254 συνισταμένας
680 3163 699 3235 ὁ
717 3168 906 3254 γεωμέτρης
924 3167 961 3233 ἐν
980 3164 1112 3246 τούτοις
1130 3193 1165 3242 25

93 3269 289 3358 ἀφορίζεται
310 3273 428 3344 κοινὸν
452 3273 562 3361 ὄνομα
586 3277 730 3360 θέμενος
753 3270 869 3353 αύταῑς
895 3269 934 3340 τὸ
961 3275 1020 3358 τῆς
1043 3274 1112 3340 ἐπι-

94 3379 202 3447 πέδου
224 3384 360 3465 γωνίας,
383 3381 420 3447 τδ
444 3379 505 3467 μὲν
528 3382 625 3465 γένος
648 3377 760 3447 αύτῶν
783 3384 894 3446 κλίσιν
913 3376 1027 3463 είπῶν,
1050 3375 1111 3446 τὸν

95 3484 134 3553 δέ
156 3484 261 3554 τόπον
283 3488 450 3555 ἐπίπεδον.
486 3486 541 3554 καὶ
564 3488 629 3572 γὰρ
654 3484 717 3553 δύο
740 3485 948 3573 περιφέρειαι
968 3483 1110 3570 ἐφαπτό-

166 3687 194 3738 4.
216 3677 381 3752 ποιότητος]
406 3695 476 3738 corr.
495 3697 529 3736 ex
546 3676 702 3750 ποσότητος
719 3698 756 3735 m.
777 3687 800 3734 1.
876 3685 917 3734 18.
940 3679 1016 3751 τοῖς]
1040 3696 1109 3737 corr.

94 3756 220 3892 3ξᾷαέ
302 3758 346 3808 21.
364 3752 486 3826 θνραιῷ.
569 3752 622 3824 τις]
641 3749 767 3821 τιςμέν,
791 3768 944 3823 suprascr.
963 3747 989 3820 ἡ.
1066 3757 1110 3805 22.
