2414 4236
228 467 384 519 SGHOLIA
402 469 440 519 IN
459 467 734 520 ELEMENTORUM
751 469 891 522 LIBRUM
904 471 951 521 VI.
1023 467 1089 532 343

72 603 184 676 καὶ
148 633 208 687 τας
225 608 354 694 περὶ
318 632 378 687 τας
396 615 470 686 ίσας
488 612 613 692 γωνίας
630 606 776 695 πλευρὰς
794 607 976 696 ἀνάλογον.
1005 614 1089 678 ἔστω

73 713 174 800 ὅμοια
197 719 344 800 τρίγωνα
366 712 407 782 τὰ
429 719 539 801 ΑΒΓ,
563 720 673 782 ΔΕΖ.
720 711 845 783 ἔστω’
827 741 848 802 η
872 722 938 783 ΑΒ
961 715 1088 802 πλευρά

71 816 232 905 ἀριθμῶν
256 825 306 905 ιβ,
339 817 426 906 666
450 826 569 907 ΒΓῆ.
614 819 824 906 ἡμιόλιον”
800 847 868 908 αρα
895 820 999 907 λόγον
1023 827 1089 908 ἔχει

72 922 180 1011 6AB
202 924 301 1013 πρὸς
309 925 372 1012 τὴν
391 932 461 994 ΒΓ.
498 932 581 995 ἔστω
604 925 700 994 ual‘
682 955 703 1014 η
723 933 795 995 ΔΕ
815 931 876 996 τοῦ
899 925 1006 995 ἀλλον
1021 953 1089 1014 τρι-

71 1032 187 1119 γώνου
208 1030 335 1119 πλευρὰ
348 1028 552 1119 ἀριθμῶν
532 1052 561 1117 5,
585 1059 606 1118 η
592 1030 663 1100 66
677 1039 741 1100 ΕΖ
763 1027 973 1120 ἀριθμῶνῖ.
1010 1030 1089 1102 ἀνά
1125 1059 1142 1109 5

72 1145 178 1224 λογον
192 1138 354 1225 ἔχουσι
320 1162 360 1205 τα
375 1132 405 1224 β
414 1143 561 1225 τρίγωνα
574 1136 633 1217 τάς
646 1138 860 1225 πλευράς,αί
877 1139 915 1209 66
929 1137 1089 1268 ὁμόλογοι

71 1244 214 1328 πλευραὶ
237 1246 275 1311 αί
291 1252 356 1313 ΑΒ
379 1244 435 1311 καὶ
459 1251 530 1311 ΔΒ
549 1245 605 1311 καὶ
629 1247 667 1311 αί
688 1250 754 1313 ΒΓ
771 1246 828 1313 καί
846 1253 917 1315 ΒΖ.
960 1241 1002 1314 ὃν
1025 1236 1090 1314 οὖν

72 1349 177 1436 λόγον
205 1347 319 1437 ἔχει
301 1377 325 1436 η
351 1347 517 1437 ὁμόλογος
543 1347 670 1435 πλευρὰ
702 1348 786 1438 πρὸς
817 1348 879 1439 τὴν
911 1348 1089 1439 ὁμόλογον,

74 1459 275 1524 διπλασίονα
298 1455 403 1542 λόγον
427 1460 493 1544 ἔχει
511 1454 549 1525 τὸ
567 1461 734 1544 τρίγωνον
753 1455 837 1544 πρὸς
852 1455 893 1525 τὸ
910 1463 1089 1543 τρίγωνον,
1124 1513 1128 1519 .

70 1560 180 1649 ἤγουν
199 1562 268 1631 ἐπεὶ
287 1560 308 1649 6
327 1568 394 1631 ΒΓ
411 1566 473 1648 τῆς
491 1569 554 1630 ΒΖ
578 1566 776 1631 διπλασίων·
799 1560 839 1630 τά
858 1575 881 1648 6
898 1561 962 1650 γάρ
980 1567 1048 1631 τῶν
1068 1555 1089 1630 6
1108 1587 1142 1637 10

72 1667 244 1736 διπλάσια·
259 1666 297 1737 τὸ
312 1675 417 1737 ΑΒΓ
427 1674 593 1754 τρίγωνον
607 1672 669 1737 τοῦ
684 1678 718 1736 Δ
723 1677 754 1737 Ε
759 1675 786 1736 Ζ
799 1668 968 1757 τριγώνου
977 1694 1087 1753 τειρα-

69 1773 224 1845 πλάσιον.
270 1779 341 1855 πῶς
365 1773 403 1842 66
424 1777 526 1842 τοῦτο
550 1778 641 1841 ἔσται
666 1773 833 1861 φανερῶς
866 1776 935 1844 ἐπεὶ
959 1773 1024 1862 γάρ
1047 1774 1087 1843 τά

71 1880 171 1967 ὅμοια
193 1882 250 1949 καί
271 1879 434 1967 ἰσογώνια
452 1883 528 1964 εἰσι,
553 1884 703 1949 ἔστωσαν
722 1883 760 1947 ac
776 1878 860 1965 πρὸς
877 1906 922 1949 τω
908 1884 966 1949 Β
984 1883 1040 1949 καὶ
1056 1889 1090 1948 Δ

70 1992 192 2072 γωνίαι
215 1985 334 2074 ὀρθαί,
367 1986 423 2054 καὶ
452 1983 702 2073 ἀναγεγράφθω
725 1984 764 2055 τὸ
789 1992 859 2054 ΑΓ
880 1951 1101 2076 παραλληλό-

72 2118 236 2179 γραμμον.
280 2092 336 2160 καὶ
360 2090 468 2161 666‘
452 2120 473 2180 η
496 2091 558 2179 μὲν
582 2091 687 2161 AB‘
669 2092 843 2162 υπόκειται
866 2095 1024 2181 ἀριθμῶν
1043 2099 1088 2179 ιβ,
1109 2116 1142 2167 ιο

71 2192 94 2282 6
124 2194 161 2263 66
184 2200 251 2263 ΒΓ
279 2194 486 2285 ἀριθμῶν·
464 2226 502 2285 η,
534 2196 665 2278 ὀκτάκις
693 2203 795 2285 ιβ’
750 2219 804 2286 q5.
854 2199 914 2267 ἐὰν
943 2199 981 2267 66
1008 2224 1089 2285 παρ-

72 2302 355 2389 αλληλόγραμμον
378 2303 530 2397 τριγώνῳ
554 2303 656 2389 βάσιν
679 2329 714 2372 τε
738 2309 794 2392 ἔχῃ
818 2303 880 2390 τὴν
904 2301 1012 2391 αὐτὴν
1033 2304 1089 2371 καὶ

72 2410 110 2477 ἐν
133 2421 206 2488 ταῖς
228 2406 346 2491 αάταῑς
366 2409 609 2498 παραλλήλοις,
633 2410 811 2479 διπλάσιον
835 2414 926 2479 ἔσται
948 2407 987 2478 τὸ
1010 2434 1090 2497 παρ·

72 2513 354 2602 αλληλόγραμμον
377 2525 439 2584 τοῦ
460 2517 628 2603 τριγώνου
652 2515 708 2584 διά
730 2513 769 2585 τὸ
792 2514 852 2604 μα’
870 2519 932 2584 τοῦ
954 2514 1090 2602 πρώτου

72 2627 250 2708 στοιχείου.
287 2620 325 2689 τὸ
350 2619 416 2708 ἀρα
436 2627 541 2690 ΑΒΓ
557 2628 725 2710 τρίγωνον
743 2627 789 2710 γῆ
812 2627 905 2690 ἔσται
922 2618 1090 2709 ἀριθμῶν.
1108 2645 1142 2695 ιο

70 2727 174 2796 πάλιν
199 2722 308 2796 ἐπεΓ
292 2753 314 2814 η
339 2724 447 2795 AE‘
429 2725 601 2797 υπόκειται
625 2727 783 2816 ἀριθμῶν
807 2733 841 2815 ἒ,
865 2725 886 2815 6
911 2727 948 2796 66
970 2735 1034 2796 ΕΖ
1058 2720 1089 2804 6,

71 2832 423 2920 παραλληλογράμμου
459 2837 642 2922 γινομένου
676 2836 732 2903 καὶ
768 2838 812 2904 ιἰθ
848 2831 1090 2922 εὑρισκομένου

71 2936 243 3024 ἀριθμῶν·
279 2937 430 3026 τετράκις
452 2939 517 3026 γάρ
541 2944 562 3012 ξ
583 2943 639 3009 ιἰδ·
676 2940 714 3010 τὸ
739 2948 841 3009 ΔΕΖ
864 2946 1031 3028 τρίγωνον
1055 2945 1089 3025 ιβ

70 3049 163 3112 ἔσται
188 3042 357 3131 ἀριθμῶν
399 3046 463 3113 είσὶ
488 3045 582 3114 66
547 3072 588 3113 τα
613 3075 657 3134 μη
681 3049 750 3115 τῶν
773 3052 808 3133 ιβ
830 3043 1059 3140 τετραπλάσια.

139 3153 191 3220 32.
229 3147 326 3218 Οὕτω
358 3153 527 3238 γνωστέον
558 3151 618 3221 τὸν
647 3150 729 3239 ὅρον
756 3155 818 3220 τοῦ
845 3149 1012 3239 παρόντος
1035 3149 1087 3217 ιθ’
1107 3174 1141 3224 νο

68 3256 289 3343 θεωρήματος
320 3253 365 3323 δι’
392 3259 574 3344 ἐπαγωγῆς·
617 3254 745 3327 ἔστω“
728 3285 750 3345 η
779 3256 841 3344 μὲν
869 3264 935 3325 ΑΒ
963 3253 1089 3343 πλευρά

69 3359 229 3489 ἀριθμῶν
249 3367 283 3447 ιβ
296 3360 411 3448 τυχόν,
430 3360 451 3449 6
471 3362 509 3431 66
524 3369 593 3432 ΒΓ
605 3361 805 3451 ἀριθμῶν·
782 3391 815 3451 6,
836 3388 899 3432 του
883 3362 955 3431 66
974 3362 1089 3449 ἑτέρου

68 3468 238 3555 τριγώνου
269 3465 290 3554 6
323 3466 385 3554 μὲν
418 3475 489 3535 ΔΕ
523 3473 607 3537 ἔστω
645 3466 803 3558 ἀριθμῶν
835 3473 871 3554 ἒ,
907 3464 928 3554 6
962 3467 1000 3536 66
1027 3474 1089 3536 ΕΖ

69 3571 227 3661 ἀριθμῶν
252 3565 280 3642 6.
323 3571 494 3660 ἀνάλογον
518 3565 581 3642 οὖν
610 3579 745 3661 ἔχουσιν
768 3577 805 3643 ac
825 3573 966 3661 πλευραὶ
990 3564 1089 3641 αὗται

143 3808 185 3858 32.
204 3808 224 3859 t.
