2414 4236
208 494 364 546 SOHOLIA
381 495 420 546 IN
439 493 712 546 ELEMENTORUM
729 495 869 547 LIBRUM
882 496 916 547 X.
1002 493 1068 559 505

54 635 110 703 καὶ
129 636 234 721 μέσον
251 632 478 722 περιεχούσας,
498 636 670 702 δείκνυσιν
689 636 725 702 ἐκ
743 637 805 702 τοῦ
821 624 917 714 τάςδ
934 633 1069 717 εὐθείας

55 739 245 827 ἀναλόγους
267 738 411 825 άγεσθαι
433 739 494 819 τάς
511 749 554 825 Α,
577 748 620 824 Δ,
644 747 684 826 Β,
707 745 746 827 Γ,
769 740 886 809 καὶτὸ
909 738 976 811 ὑπὸ
999 746 1068 811 τών

56 856 103 932 Α,
127 853 159 914 Γ
182 855 257 914 ἴσον
281 849 482 915 δείκνυσθαι
504 850 549 938 τώ
573 844 640 915 ὑπὸ
668 850 735 915 τών
759 856 807 931 A,
830 853 875 932 E,
903 848 1006 934 μέσον
1031 847 1068 916 δὲ

55 956 93 1023 τὸ
127 951 192 1022 ὑπὸ
226 963 294 1020 τών
317 964 364 1035 A,
388 958 430 1036 Γ,
464 951 549 1020 διότι
582 952 679 1040 ρηταὶ
706 949 898 1023 ὑπόκεινται
927 953 1069 1041 δυνάμει

56 1060 164 1147 μόνον
188 1059 385 1146 σύμμετροι,
417 1063 476 1125 καί
497 1061 565 1127 ἐστι
593 1057 631 1127 τὸ
659 1056 717 1126 ὑπ’
743 1057 854 1128 αὐτῶν
877 1061 993 1146 μέσον·
1029 1059 1067 1128 τὸ
1105 1081 1121 1130 ὁ

56 1168 121 1254 γάρ
137 1164 202 1235 ὑπὸ
223 1167 334 1252 ῥητών
353 1167 493 1252 δυνάμει
513 1163 620 1251 μόνον
635 1165 832 1253 συμμέτρων
846 1167 949 1252 μέσον
965 1168 1068 1234 ἐστίν·

57 1276 161 1359 μέσον
182 1271 249 1359 άρα
271 1272 325 1339 καὶ
350 1270 387 1339 τὸ
412 1268 477 1339 ὑπὸ
501 1273 569 1338 τών
593 1279 637 1355 Δ,
656 1278 698 1338 Β·
726 1271 808 1359 ὅπερ
831 1276 898 1340 ἔδει
922 1273 1036 1352 δεῖξαι.

391 1469 448 1533 Ad
471 1470 609 1533 lemma
631 1491 662 1553 p.
687 1468 738 1533 80.

128 1594 199 1659 198
218 1588 357 1659 Ἔστω
343 1617 360 1658 ο
377 1597 442 1658 AB
458 1589 666 1677 μονάδων
635 1612 679 1673 ις,
699 1617 716 1657 ο
705 1586 771 1657 δὲ
786 1595 845 1658 ΓΒ
865 1584 1067 1678 μονάδωνδ

57 1694 218 1777 λοιπὸς”
195 1723 261 1781 αρα
285 1695 303 1764 ὁ
328 1703 389 1765 ΓΑ
416 1699 485 1765 ἐστι
510 1694 710 1782 μονάδων
693 1723 706 1762 ι
728 1697 784 1764 καὶ
806 1702 836 1782 β
883 1696 1069 1782 τμηθέντος
1089 1723 1122 1773 10

57 1802 94 1871 δὲ
118 1827 178 1871 του
164 1807 254 1870 ΓΑ
277 1806 354 1890 δίχα
373 1812 433 1870 τοῦ
453 1809 487 1888 ιβ
510 1827 593 1870 κατα
606 1827 644 1870 το
661 1811 694 1869 A
717 1807 849 1872 ἔσονται
864 1805 899 1871 οδ
911 1809 984 1888 ΓΔ
999 1812 1069 1870 ΔΑ

56 1908 124 1977 άνά
158 1907 318 1996 μονάδων
349 1913 376 1980 5.
427 1913 496 1976 ἔστι
529 1905 612 1976 δὲ’
598 1935 616 1976 ο
650 1910 686 1977 έκ
717 1912 786 1978 τών
813 1916 881 1977 ΑΒ
912 1910 969 1977 καὶ
996 1915 1068 1994 ΒΓ,

57 2012 268 2084 τουτέστιν*
254 2040 272 2083 ο
295 2011 361 2082 666
384 2018 452 2082 τών
476 2019 509 2086 ἴς
531 2014 586 2081 καὶ
612 2005 642 2099 δ,
666 2020 683 2096 ξ
706 2016 761 2083 καὶ
781 2006 814 2084 δ’
837 2015 985 2103 τετράκις
1003 2015 1068 2101 γὰρ

57 2121 96 2186 τὰ
116 2145 147 2192 ις
123 2125 214 2201 ξδ.
252 2147 270 2188 ο
258 2117 361 2188 δὲ’
343 2121 408 2189 απὸ
423 2146 485 2187 του
470 2124 562 2188 ΓΔ
585 2132 645 2189 τοῦ
664 2126 685 2192 5
707 2120 914 2209 τετράγωνός
933 2123 1001 2190 έστι
1016 2125 1068 2192 65·

58 2225 166 2308 ἑξάκις
188 2225 252 2311 γὰρ
275 2226 315 2292 τά
339 2231 359 2297 5
381 2230 429 2296 65.
475 2223 515 2292 τά
540 2219 602 2294 οὖν
626 2228 661 2294 ἐκ
684 2230 752 2294 τών
775 2234 842 2295 ΑΒ
864 2232 933 2296 τών
957 2248 990 2299 ις
1013 2228 1067 2294 καὶ
1088 2252 1120 2301 15

57 2338 123 2400 ΒΓ
142 2335 209 2400 τών
234 2334 269 2416 δ,
297 2329 381 2460 άπερ
405 2332 560 2400 έστὶνδ
520 2333 560 2413 ξδ
565 2383 575 2417 ,
602 2330 683 2418 μετά
706 2337 767 2401 τοῦ
790 2333 895 2419 λξ,”
875 2360 912 2413 ος
936 2330 1067 2402 ἐστινὸ

57 2442 93 2506 ἐκ
115 2443 173 2525 τῆς
191 2444 223 2506 Γ
220 2448 253 2505 A
275 2437 494 2524 τετράγωνος,
516 2436 557 2505 τά
581 2431 644 2506 οὖν
664 2442 703 2520 ξδ
725 2439 781 2507 καὶ
799 2445 839 2511 λξ
863 2440 1068 2508 συντεθέντα

58 2542 258 2613 ἀποτελοῦσι
288 2542 348 2612 τὸν
376 2549 398 2632 ρ
427 2544 592 2631 ἀριθμόν,
630 2541 667 2624 ὃς
695 2551 714 2632 ρ
746 2544 956 2633 τετράγωνός
988 2549 1066 2632 ἐστι,

56 2649 182 2737 πλευρὰ
206 2651 244 2719 δὲ
267 2647 373 2719 αὐτοῦ
397 2652 488 2719 ἐστιν
512 2647 529 2718 6
555 2649 738 2739 ῖάριθμὸς
760 2649 833 2737 ἤτοι
856 2649 873 2720 6
894 2659 974 2720 BA·
999 2658 1068 2720 ἔστι

56 2756 120 2842 γὰρ
145 2753 162 2824 6
187 2762 253 2824 ΒΓ
272 2756 432 2843 μονάδων
455 2748 491 2840 δ,
516 2753 534 2823 6
559 2756 597 2824 δὲ
615 2761 677 2824 ΓΔ
701 2757 861 2845 μονάδων
886 2763 913 2831 5.
960 2756 977 2826 6
1002 2757 1068 2845 ἄρα
1086 2783 1122 2834 20

57 2864 91 2929 ἐκ
114 2865 182 2929 τών
201 2869 278 2947 ΑΒ,
297 2869 364 2930 ΒΓ
383 2864 457 2949 ἤτοι
481 2853 562 2943 ὁῖδ
580 2861 659 2949 μετά
683 2867 743 2931 τοῦ
762 2861 828 2933 άπὸ
846 2867 980 2950 τῆςΓΔ
994 2863 1068 2991 6602

56 2971 118 3035 τοῦ
137 2974 175 3041 λξ
200 2976 272 3047 ἴσος
295 2969 363 3037 ἐστὶ
386 2972 432 3059 τῷ
454 2965 520 3035 άπὸ
543 2972 600 3053 τῆς
618 2967 732 3036 BA''
710 2995 784 3055 ητοι
807 2973 852 3061 τῷ
871 2969 1067 3063 τετραγώνῳ

56 3077 102 3164 τῷ
130 3071 195 3143 άπὸ
225 3078 284 3160 τῆς
307 3073 422 3142 BA’'
403 3101 476 3143 οντι
505 3073 717 3162 μονάδωνρ.
764 3073 816 3144 ὅτι
846 3075 883 3143 δὲ
910 3075 1003 3144 καὶ
989 3104 1007 3145 ο
1032 3081 1067 3145 ἐκ

56 3182 125 3247 τών
148 3187 225 3264 ΑΒ,
245 3178 363 3266 ΒΓ,
345 3207 382 3261 ος
405 3183 495 3249 ἐστιν
519 3177 537 3248 6
557 3184 607 3266 ξδ,
629 3181 929 3268 τετράγωνόςέστι,
949 3186 1068 3268 δῆλον

58 3284 214 3373 ἔστιγὰρ
239 3288 344 3355 αὐτοῦ
367 3286 493 3370 πλευρὰ
517 3285 615 3374 τὰῆ·
643 3284 775 3368 ὀκτάκις
796 3286 861 3375 γάρ
884 3287 924 3356 τά
948 3299 969 3375 6
994 3293 1041 3371 ξδ.
1086 3315 1120 3364 25

127 3396 198 3461 199.
228 3389 299 3460 Οὐκ
314 3389 366 3460 άεὶ
379 3392 582 3480 τετράγωνοι
596 3393 815 3477 τετραγώνοις
831 3397 1068 3482 συντιθέμενοι

55 3496 286 3583 τετραγώνους
309 3502 481 3583 ποιοῦσιν,
509 3496 592 3565 άλλά
618 3500 780 3567 δύνανται
803 3499 922 3566 καὶ
882 3527 927 3588 μη
950 3516 1068 3571 ποιεῖν.

129 3638 350 3709 ωοεϊυςιΡ)
426 3638 534 3693 ωοΒ

129 3764 242 3835 2166]
262 3761 359 3830 τῆςΒ.
416 3762 529 3834 ἐκτῶν]
548 3763 647 3832 τὴςΒ.
703 3769 745 3820 22.
766 3766 835 3838 ἴσος]
855 3765 970 3823 έσονἾ.
1025 3772 1067 3822 25.
1137 3753 1139 3758 Ι

55 3831 325 3904 16](prius)toV.
