<?xml version="1.0" encoding="UTF-8"?>
<!DOCTYPE html PUBLIC "-//W3C//DTD XHTML 1.0 Transitional//EN"
    "http://www.w3.org/TR/xhtml1/DTD/xhtml1-transitional.dtd">
<html xmlns="http://www.w3.org/1999/xhtml" xml:lang="en" lang="en">
 <head>
  <title>
</title>
<meta http-equiv="Content-Type" content="text/html;charset=utf-8" />
  <meta name='ocr-system' content='tesseract 3.04.00' />
  <meta name='ocr-capabilities' content='ocr_page ocr_carea ocr_par ocr_line ocrx_word'/>
</head>
<body>
  <div class='ocr_page' id='page_1' title='image "./euclidisoperaom10unkngoog_0258.png"; bbox 0 0 2414 4236; ppageno 0'>
   <div class='ocr_carea' id='block_1_1' title="bbox 238 474 1089 540">
    <p class='ocr_par' dir='ltr' id='par_1_1' title="bbox 238 474 1089 540">
     <span class='ocr_line' id='line_1_1' title="bbox 238 474 1089 540; baseline 0.014 -13"><span class='ocrx_word' id='word_1_1' title='bbox 238 475 396 528; x_wconf 72' lang='lat' dir='ltr'><strong>eunom</strong></span> <span class='ocrx_word' id='word_1_2' title='bbox 413 476 453 527; x_wconf 80' lang='lat' dir='ltr'><strong>m</strong></span> <span class='ocrx_word' id='word_1_3' title='bbox 470 474 745 527; x_wconf 66' lang='grc' dir='ltr'><strong><em>ευσεεατοευει</em></strong></span> <span class='ocrx_word' id='word_1_4' title='bbox 762 476 901 529; x_wconf 73' lang='lat' dir='ltr'><strong><em>mmm</em></strong></span> <span class='ocrx_word' id='word_1_5' title='bbox 914 479 937 530; x_wconf 92' lang='lat'><strong><em>1.</em></strong></span> <span class='ocrx_word' id='word_1_6' title='bbox 1026 475 1089 540; x_wconf 83' lang='lat'><strong><em>129</em></strong></span> 
     </span>
    </p>
   </div>
   <div class='ocr_carea' id='block_1_2' title="bbox 70 612 1143 2932">
    <p class='ocr_par' dir='ltr' id='par_1_2' title="bbox 70 612 1143 1978">
     <span class='ocr_line' id='line_1_2' title="bbox 73 612 1090 703; baseline 0 -19"><span class='ocrx_word' id='word_1_7' title='bbox 73 635 180 703; x_wconf 87' lang='grc' dir='ltr'><strong><em>φησιν</em></strong></span> <span class='ocrx_word' id='word_1_8' title='bbox 201 613 438 703; x_wconf 76' lang='grc' dir='ltr'><strong><em>Ἀριστοτέλης,</em></strong></span> <span class='ocrx_word' id='word_1_9' title='bbox 462 612 513 683; x_wconf 83' lang='grc' dir='ltr'><strong><em>ὅτι</em></strong></span> <span class='ocrx_word' id='word_1_10' title='bbox 535 614 574 683; x_wconf 91' lang='grc' dir='ltr'><strong><em>τδ</em></strong></span> <span class='ocrx_word' id='word_1_11' title='bbox 598 614 751 684; x_wconf 75' lang='grc' dir='ltr'><strong><em>καθόλου</em></strong></span> <span class='ocrx_word' id='word_1_12' title='bbox 769 614 996 703; x_wconf 81' lang='grc' dir='ltr'><strong><em>καταφατικὸν</em></strong></span> <span class='ocrx_word' id='word_1_13' title='bbox 1018 631 1090 698; x_wconf 90' lang='grc' dir='ltr'><strong><em>ταῖς</em></strong></span> 
     </span>
     <span class='ocr_line' id='line_1_3' title="bbox 73 718 1090 811; baseline 0 -20"><span class='ocrx_word' id='word_1_14' title='bbox 73 720 268 811; x_wconf 75' lang='grc' dir='ltr'><strong><em>ἐπιστήμαις</em></strong></span> <span class='ocrx_word' id='word_1_15' title='bbox 290 722 369 789; x_wconf 80' lang='grc' dir='ltr'><strong><em>ἐστί.</em></strong></span> <span class='ocrx_word' id='word_1_16' title='bbox 404 718 487 789; x_wconf 85' lang='grc' dir='ltr'><strong><em>ἀνευ</em></strong></span> <span class='ocrx_word' id='word_1_17' title='bbox 504 718 570 808; x_wconf 78' lang='grc' dir='ltr'><strong><em>χάρ</em></strong></span> <span class='ocrx_word' id='word_1_18' title='bbox 588 720 805 807; x_wconf 83' lang='grc' dir='ltr'><strong><em>καταφάσεως</em></strong></span> <span class='ocrx_word' id='word_1_19' title='bbox 824 721 902 790; x_wconf 76' lang='grc' dir='ltr'><strong><em>οὔτε</em></strong></span> <span class='ocrx_word' id='word_1_20' title='bbox 920 720 1090 805; x_wconf 85' lang='grc' dir='ltr'><strong><em>ἀπόδειξίς</em></strong></span> 
     </span>
     <span class='ocr_line' id='line_1_4' title="bbox 74 824 1089 915; baseline 0 -19"><span class='ocrx_word' id='word_1_21' title='bbox 74 831 164 898; x_wconf 78' lang='grc' dir='ltr'><strong><em>ἐστιν</em></strong></span> <span class='ocrx_word' id='word_1_22' title='bbox 183 824 261 897; x_wconf 78' lang='grc' dir='ltr'><strong><em>οὔτε</em></strong></span> <span class='ocrx_word' id='word_1_23' title='bbox 279 825 513 915; x_wconf 75' lang='grc' dir='ltr'><strong><em>συλλογισμός,</em></strong></span> <span class='ocrx_word' id='word_1_24' title='bbox 536 827 592 894; x_wconf 81' lang='grc' dir='ltr'><strong><em>καὶ</em></strong></span> <span class='ocrx_word' id='word_1_25' title='bbox 611 825 667 894; x_wconf 88' lang='grc' dir='ltr'><strong><em>διά</em></strong></span> <span class='ocrx_word' id='word_1_26' title='bbox 686 831 786 895; x_wconf 84' lang='grc' dir='ltr'><strong><em>τοῦτο</em></strong></span> <span class='ocrx_word' id='word_1_27' title='bbox 807 831 844 894; x_wconf 85' lang='grc' dir='ltr'><strong><em>αί</em></strong></span> <span class='ocrx_word' id='word_1_28' title='bbox 861 826 1089 897; x_wconf 78' lang='grc' dir='ltr'><strong><em>ἀποδεικτικαὶ</em></strong></span> 
     </span>
     <span class='ocr_line' id='line_1_5' title="bbox 73 932 1088 1024; baseline 0.001 -22"><span class='ocrx_word' id='word_1_29' title='bbox 73 938 142 1002; x_wconf 76' lang='grc' dir='ltr'><strong><em>τῶν</em></strong></span> <span class='ocrx_word' id='word_1_30' title='bbox 160 936 350 1022; x_wconf 78' lang='grc' dir='ltr'><strong><em>ἐπιστημῶν</em></strong></span> <span class='ocrx_word' id='word_1_31' title='bbox 368 932 408 1001; x_wconf 89' lang='grc' dir='ltr'><strong><em>τά</em></strong></span> <span class='ocrx_word' id='word_1_32' title='bbox 428 933 490 1021; x_wconf 75' lang='grc' dir='ltr'><strong><em>μὲν</em></strong></span> <span class='ocrx_word' id='word_1_33' title='bbox 508 941 644 1001; x_wconf 83' lang='grc' dir='ltr'><strong><em>πλεῖστα</em></strong></span> <span class='ocrx_word' id='word_1_34' title='bbox 662 932 868 1024; x_wconf 85' lang='grc' dir='ltr'><strong><em>καταφατικὰ</em></strong></span> <span class='ocrx_word' id='word_1_35' title='bbox 885 934 1088 1020; x_wconf 81' lang='grc' dir='ltr'><strong><em>δεικνύουσι,</em></strong></span> 
     </span>
     <span class='ocr_line' id='line_1_6' title="bbox 73 1038 1125 1128; baseline -0.001 -20"><span class='ocrx_word' id='word_1_36' title='bbox 73 1047 220 1121; x_wconf 86' lang='grc' dir='ltr'><strong><em>σπανίως</em></strong></span> <span class='ocrx_word' id='word_1_37' title='bbox 248 1041 286 1109; x_wconf 66' lang='grc' dir='ltr'><strong><em>δὲ</em></strong></span> <span class='ocrx_word' id='word_1_38' title='bbox 313 1045 459 1127; x_wconf 77' lang='grc' dir='ltr'><strong><em>χρῶνται</em></strong></span> <span class='ocrx_word' id='word_1_39' title='bbox 486 1041 542 1107; x_wconf 81' lang='grc' dir='ltr'><strong><em>καὶ</em></strong></span> <span class='ocrx_word' id='word_1_40' title='bbox 573 1053 643 1120; x_wconf 83' lang='grc' dir='ltr'><strong><em>τοῖς</em></strong></span> <span class='ocrx_word' id='word_1_41' title='bbox 674 1038 893 1126; x_wconf 87' lang='grc' dir='ltr'><strong><em>ἀποφατικοῖς</em></strong></span> <span class='ocrx_word' id='word_1_42' title='bbox 925 1041 1125 1128; x_wconf 80' lang='grc' dir='ltr'><strong><em>συμπερά-5</em></strong></span> 
     </span>
     <span class='ocr_line' id='line_1_7' title="bbox 72 1144 1090 1234; baseline 0 -19"><span class='ocrx_word' id='word_1_43' title='bbox 72 1168 184 1233; x_wconf 86' lang='grc' dir='ltr'><strong><em>σμασι.</em></strong></span> <span class='ocrx_word' id='word_1_44' title='bbox 221 1151 420 1234; x_wconf 82' lang='grc' dir='ltr'><strong><em>θαυμαστῆς</em></strong></span> <span class='ocrx_word' id='word_1_45' title='bbox 443 1146 481 1214; x_wconf 67' lang='grc' dir='ltr'><strong><em>δὲ</em></strong></span> <span class='ocrx_word' id='word_1_46' title='bbox 499 1144 669 1234; x_wconf 79' lang='grc' dir='ltr'><strong><em>ἀκριβείας</em></strong></span> <span class='ocrx_word' id='word_1_47' title='bbox 688 1147 779 1215; x_wconf 78' lang='grc' dir='ltr'><strong><em>ἐστὶν</em></strong></span> <span class='ocrx_word' id='word_1_48' title='bbox 803 1174 823 1231; x_wconf 93' lang='grc' dir='ltr'><strong><em>η</em></strong></span> <span class='ocrx_word' id='word_1_49' title='bbox 848 1146 1006 1233; x_wconf 87' lang='grc' dir='ltr'><strong><em>πρότασις</em></strong></span> <span class='ocrx_word' id='word_1_50' title='bbox 1027 1152 1090 1215; x_wconf 86' lang='grc' dir='ltr'><strong><em>τοῦ</em></strong></span> 
     </span>
     <span class='ocr_line' id='line_1_8' title="bbox 70 1251 1090 1343; baseline -0.003 -20"><span class='ocrx_word' id='word_1_51' title='bbox 70 1252 291 1343; x_wconf 77' lang='grc' dir='ltr'><strong><em>θεωρήματος</em></strong></span> <span class='ocrx_word' id='word_1_52' title='bbox 313 1256 441 1340; x_wconf 87' lang='grc' dir='ltr'><strong><em>πλήρης</em></strong></span> <span class='ocrx_word' id='word_1_53' title='bbox 463 1253 518 1320; x_wconf 82' lang='grc' dir='ltr'><strong><em>καὶ</em></strong></span> <span class='ocrx_word' id='word_1_54' title='bbox 537 1253 660 1334; x_wconf 88' lang='grc' dir='ltr'><strong><em>κάσαις</em></strong></span> <span class='ocrx_word' id='word_1_55' title='bbox 679 1251 881 1340; x_wconf 88' lang='grc' dir='ltr'><strong><em>ήσφάλισται</em></strong></span> <span class='ocrx_word' id='word_1_56' title='bbox 899 1267 971 1332; x_wconf 90' lang='grc' dir='ltr'><strong><em>ταῖς</em></strong></span> <span class='ocrx_word' id='word_1_57' title='bbox 989 1272 1090 1338; x_wconf 90' lang='grc' dir='ltr'><strong><em>προσ-</em></strong></span> 
     </span>
     <span class='ocr_line' id='line_1_9' title="bbox 70 1351 1089 1447; baseline -0.004 -19"><span class='ocrx_word' id='word_1_58' title='bbox 70 1359 211 1447; x_wconf 86' lang='grc' dir='ltr'><strong><em>θήκαις,</em></strong></span> <span class='ocrx_word' id='word_1_59' title='bbox 245 1356 291 1428; x_wconf 87' lang='grc' dir='ltr'><strong><em>δι’</em></strong></span> <span class='ocrx_word' id='word_1_60' title='bbox 317 1351 367 1429; x_wconf 80' lang='grc' dir='ltr'><strong><em>όν</em></strong></span> <span class='ocrx_word' id='word_1_61' title='bbox 395 1356 591 1445; x_wconf 79' lang='grc' dir='ltr'><strong><em>ἀνέλενκτος</em></strong></span> <span class='ocrx_word' id='word_1_62' title='bbox 617 1358 824 1428; x_wconf 78' lang='grc' dir='ltr'><strong><em>ἀποτελεῖται</em></strong></span> <span class='ocrx_word' id='word_1_63' title='bbox 846 1361 902 1427; x_wconf 82' lang='grc' dir='ltr'><strong><em>καὶ</em></strong></span> <span class='ocrx_word' id='word_1_64' title='bbox 925 1358 1089 1445; x_wconf 83' lang='grc' dir='ltr'><strong><em>ἀναμφισ-</em></strong></span> 
     </span>
     <span class='ocr_line' id='line_1_10' title="bbox 72 1460 1090 1554; baseline -0.004 -20"><span class='ocrx_word' id='word_1_65' title='bbox 72 1470 216 1554; x_wconf 87' lang='grc' dir='ltr'><strong><em>βήτητος</em></strong></span> <span class='ocrx_word' id='word_1_66' title='bbox 236 1480 308 1547; x_wconf 89' lang='grc' dir='ltr'><strong><em>τοῖς</em></strong></span> <span class='ocrx_word' id='word_1_67' title='bbox 332 1480 559 1554; x_wconf 77' lang='grc' dir='ltr'><strong><em>συκοφαντεῖν</em></strong></span> <span class='ocrx_word' id='word_1_68' title='bbox 581 1469 795 1553; x_wconf 75' lang='grc' dir='ltr'><strong><em>ἐπιχειροῦσι.</em></strong></span> <span class='ocrx_word' id='word_1_69' title='bbox 837 1472 923 1534; x_wconf 82' lang='grc' dir='ltr'><strong><em>ἔοικε</em></strong></span> <span class='ocrx_word' id='word_1_70' title='bbox 947 1465 983 1533; x_wconf 68' lang='grc' dir='ltr'><strong><em>δὲ</em></strong></span> <span class='ocrx_word' id='word_1_71' title='bbox 1003 1460 1090 1532; x_wconf 82' lang='grc' dir='ltr'><strong><em>εἶναι</em></strong></span> 
     </span>
     <span class='ocr_line' id='line_1_11' title="bbox 72 1569 1143 1661; baseline 0 -21"><span class='ocrx_word' id='word_1_72' title='bbox 72 1577 175 1641; x_wconf 79' lang='grc' dir='ltr'><strong><em>τοῦτο</em></strong></span> <span class='ocrx_word' id='word_1_73' title='bbox 193 1572 231 1641; x_wconf 87' lang='grc' dir='ltr'><strong><em>τὸ</em></strong></span> <span class='ocrx_word' id='word_1_74' title='bbox 244 1572 405 1661; x_wconf 86' lang='grc' dir='ltr'><strong><em>θεύρημα</em></strong></span> <span class='ocrx_word' id='word_1_75' title='bbox 420 1576 532 1660; x_wconf 86' lang='grc' dir='ltr'><strong><em>λήμμα</em></strong></span> <span class='ocrx_word' id='word_1_76' title='bbox 547 1573 872 1661; x_wconf 81' lang='grc' dir='ltr'><strong><em>προλαμβανόμενον</em></strong></span> <span class='ocrx_word' id='word_1_77' title='bbox 886 1576 947 1641; x_wconf 89' lang='grc' dir='ltr'><strong><em>τού</em></strong></span> <span class='ocrx_word' id='word_1_78' title='bbox 964 1569 1091 1657; x_wconf 82' lang='grc' dir='ltr'><strong><em>ὀγδόου</em></strong></span> <span class='ocrx_word' id='word_1_79' title='bbox 1110 1591 1143 1640; x_wconf 83' lang='grc'><strong><em>10</em></strong></span> 
     </span>
     <span class='ocr_line' id='line_1_12' title="bbox 72 1676 1093 1766; baseline -0.002 -20"><span class='ocrx_word' id='word_1_80' title='bbox 72 1677 304 1766; x_wconf 76' lang='grc' dir='ltr'><strong><em>θεωρήματος·</em></strong></span> <span class='ocrx_word' id='word_1_81' title='bbox 342 1684 389 1758; x_wconf 82' lang='grc' dir='ltr'><strong><em>είς</em></strong></span> <span class='ocrx_word' id='word_1_82' title='bbox 411 1678 477 1766; x_wconf 74' lang='grc' dir='ltr'><strong><em>γὰρ</em></strong></span> <span class='ocrx_word' id='word_1_83' title='bbox 504 1676 566 1765; x_wconf 87' lang='grc' dir='ltr'><strong><em>τήν</em></strong></span> <span class='ocrx_word' id='word_1_84' title='bbox 590 1677 762 1759; x_wconf 85' lang='grc' dir='ltr'><strong><em>ἀπόδειξιν</em></strong></span> <span class='ocrx_word' id='word_1_85' title='bbox 785 1682 916 1747; x_wconf 81' lang='grc' dir='ltr'><strong><em>ἐκείνου</em></strong></span> <span class='ocrx_word' id='word_1_86' title='bbox 940 1684 1093 1746; x_wconf 75' lang='grc' dir='ltr'><strong><em>συντελεῖ</em></strong></span> 
     </span>
     <span class='ocr_line' id='line_1_13' title="bbox 71 1781 1090 1872; baseline -0.002 -20"><span class='ocrx_word' id='word_1_87' title='bbox 71 1784 129 1852; x_wconf 83' lang='grc' dir='ltr'><strong><em>καλ</em></strong></span> <span class='ocrx_word' id='word_1_88' title='bbox 153 1782 231 1853; x_wconf 78' lang='grc' dir='ltr'><strong><em>οὔτε</em></strong></span> <span class='ocrx_word' id='word_1_89' title='bbox 254 1784 420 1872; x_wconf 87' lang='grc' dir='ltr'><strong><em>στοιχεῖόν</em></strong></span> <span class='ocrx_word' id='word_1_90' title='bbox 444 1786 535 1853; x_wconf 80' lang='grc' dir='ltr'><strong><em>ἐστιν</em></strong></span> <span class='ocrx_word' id='word_1_91' title='bbox 558 1782 671 1864; x_wconf 80' lang='grc' dir='ltr'><strong><em>ἀπλύς</em></strong></span> <span class='ocrx_word' id='word_1_92' title='bbox 694 1784 770 1854; x_wconf 83' lang='grc' dir='ltr'><strong><em>οὔτε</em></strong></span> <span class='ocrx_word' id='word_1_93' title='bbox 794 1789 1014 1872; x_wconf 79' lang='grc' dir='ltr'><strong><em>στοιχειῶδες·</em></strong></span> <span class='ocrx_word' id='word_1_94' title='bbox 1048 1781 1090 1850; x_wconf 86' lang='grc' dir='ltr'><strong><em>ού</em></strong></span> 
     </span>
     <span class='ocr_line' id='line_1_14' title="bbox 72 1889 904 1978; baseline -0.002 -18"><span class='ocrx_word' id='word_1_95' title='bbox 72 1890 138 1978; x_wconf 79' lang='grc' dir='ltr'><strong><em>χάρ</em></strong></span> <span class='ocrx_word' id='word_1_96' title='bbox 161 1890 214 1959; x_wconf 78' lang='grc' dir='ltr'><strong><em>ἐπὶ</em></strong></span> <span class='ocrx_word' id='word_1_97' title='bbox 237 1891 345 1959; x_wconf 87' lang='grc' dir='ltr'><strong><em>πολλὰ</em></strong></span> <span class='ocrx_word' id='word_1_98' title='bbox 368 1894 526 1958; x_wconf 89' lang='grc' dir='ltr'><strong><em>διατείνει</em></strong></span> <span class='ocrx_word' id='word_1_99' title='bbox 548 1889 612 1976; x_wconf 86' lang='grc' dir='ltr'><strong><em>τήν</em></strong></span> <span class='ocrx_word' id='word_1_100' title='bbox 636 1892 756 1958; x_wconf 85' lang='grc' dir='ltr'><strong><em>ἑαυτοῦ</em></strong></span> <span class='ocrx_word' id='word_1_101' title='bbox 781 1895 904 1978; x_wconf 82' lang='grc' dir='ltr'><strong><em>χρείαν.</em></strong></span> 
     </span>
    </p>

    <p class='ocr_par' dir='ltr' id='par_1_3' title="bbox 70 1993 1143 2932">
     <span class='ocr_line' id='line_1_15' title="bbox 142 1993 1088 2085; baseline -0.004 -20"><span class='ocrx_word' id='word_1_102' title='bbox 142 2000 195 2065; x_wconf 81' lang='lat'><strong><em>42.</em></strong></span> <span class='ocrx_word' id='word_1_103' title='bbox 223 1997 321 2085; x_wconf 83' lang='grc' dir='ltr'><strong><em>Ὅρα,</em></strong></span> <span class='ocrx_word' id='word_1_104' title='bbox 348 2000 418 2075; x_wconf 80' lang='grc' dir='ltr'><strong><em>πῶς</em></strong></span> <span class='ocrx_word' id='word_1_105' title='bbox 446 1993 660 2065; x_wconf 89' lang='grc' dir='ltr'><strong><em>ἀποδεικνύει</em></strong></span> <span class='ocrx_word' id='word_1_106' title='bbox 683 1995 720 2066; x_wconf 85' lang='grc' dir='ltr'><strong><em>τδ</em></strong></span> <span class='ocrx_word' id='word_1_107' title='bbox 745 1995 924 2064; x_wconf 88' lang='grc' dir='ltr'><strong><em>ἀδύνατον.</em></strong></span> <span class='ocrx_word' id='word_1_108' title='bbox 970 1999 1001 2062; x_wconf 82' lang='grc' dir='ltr'><strong><em>εἰ</em></strong></span> <span class='ocrx_word' id='word_1_109' title='bbox 1023 1993 1088 2081; x_wconf 83' lang='grc' dir='ltr'><strong><em>γάρ</em></strong></span> 
     </span>
     <span class='ocr_line' id='line_1_16' title="bbox 74 2098 1143 2191; baseline -0.004 -22"><span class='ocrx_word' id='word_1_110' title='bbox 74 2098 96 2187; x_wconf 88' lang='grc' dir='ltr'><strong><em>ή</em></strong></span> <span class='ocrx_word' id='word_1_111' title='bbox 121 2108 189 2171; x_wconf 88' lang='grc' dir='ltr'><strong><em>ΑΓ</em></strong></span> <span class='ocrx_word' id='word_1_112' title='bbox 205 2100 333 2188; x_wconf 84' lang='grc' dir='ltr'><strong><em>πλευρά</em></strong></span> <span class='ocrx_word' id='word_1_113' title='bbox 356 2107 396 2191; x_wconf 83' lang='grc' dir='ltr'><strong><em>τή</em></strong></span> <span class='ocrx_word' id='word_1_114' title='bbox 421 2110 492 2169; x_wconf 91' lang='grc' dir='ltr'><strong><em>ΑΔ</em></strong></span> <span class='ocrx_word' id='word_1_115' title='bbox 515 2111 582 2188; x_wconf 88' lang='grc' dir='ltr'><strong><em>ίση,</em></strong></span> <span class='ocrx_word' id='word_1_116' title='bbox 605 2107 660 2188; x_wconf 80' lang='grc' dir='ltr'><strong><em>ἴση</em></strong></span> <span class='ocrx_word' id='word_1_117' title='bbox 683 2103 739 2170; x_wconf 84' lang='grc' dir='ltr'><strong><em>καὶ</em></strong></span> <span class='ocrx_word' id='word_1_118' title='bbox 762 2101 782 2188; x_wconf 80' lang='grc' dir='ltr'><em>ἡ</em></span> <span class='ocrx_word' id='word_1_119' title='bbox 802 2108 901 2170; x_wconf 88' lang='grc' dir='ltr'><strong><em>ΑΓΛ</em></strong></span> <span class='ocrx_word' id='word_1_120' title='bbox 924 2106 1030 2186; x_wconf 80' lang='grc' dir='ltr'><strong><em>γωνία</em></strong></span> <span class='ocrx_word' id='word_1_121' title='bbox 1049 2105 1088 2188; x_wconf 82' lang='grc' dir='ltr'><strong><em>τή</em></strong></span> <span class='ocrx_word' id='word_1_122' title='bbox 1110 2119 1143 2166; x_wconf 68' lang='lat'><strong><em>15</em></strong></span> 
     </span>
     <span class='ocr_line' id='line_1_17' title="bbox 71 2205 1089 2299; baseline 0 -25"><span class='ocrx_word' id='word_1_123' title='bbox 71 2206 142 2276; x_wconf 83' lang='grc' dir='ltr'><strong><em>ὑπὸ</em></strong></span> <span class='ocrx_word' id='word_1_124' title='bbox 157 2215 271 2277; x_wconf 89' lang='grc' dir='ltr'><em>ΑΔΓ·</em></span> <span class='ocrx_word' id='word_1_125' title='bbox 300 2213 400 2277; x_wconf 85' lang='grc' dir='ltr'><strong><em>τοῦτο</em></strong></span> <span class='ocrx_word' id='word_1_126' title='bbox 419 2205 484 2295; x_wconf 74' lang='grc' dir='ltr'><strong><em>γὰρ</em></strong></span> <span class='ocrx_word' id='word_1_127' title='bbox 509 2210 546 2275; x_wconf 82' lang='grc' dir='ltr'><strong><em>ἐν</em></strong></span> <span class='ocrx_word' id='word_1_128' title='bbox 569 2212 614 2299; x_wconf 76' lang='grc' dir='ltr'><strong><em>τῷ</em></strong></span> <span class='ocrx_word' id='word_1_129' title='bbox 640 2207 671 2274; x_wconf 69' lang='grc' dir='ltr'><strong><em>ε’</em></strong></span> <span class='ocrx_word' id='word_1_130' title='bbox 689 2207 830 2293; x_wconf 88' lang='grc' dir='ltr'><strong><em>σχήματι</em></strong></span> <span class='ocrx_word' id='word_1_131' title='bbox 849 2205 1089 2274; x_wconf 83' lang='grc' dir='ltr'><strong><em>ἀποδέδεικται.</em></strong></span> 
     </span>
     <span class='ocr_line' id='line_1_18' title="bbox 72 2303 1091 2401; baseline -0.004 -20"><span class='ocrx_word' id='word_1_132' title='bbox 72 2313 131 2381; x_wconf 85' lang='grc' dir='ltr'><strong><em>καλ</em></strong></span> <span class='ocrx_word' id='word_1_133' title='bbox 163 2315 233 2382; x_wconf 78' lang='grc' dir='ltr'><strong><em>ἐπεὶ</em></strong></span> <span class='ocrx_word' id='word_1_134' title='bbox 266 2312 287 2401; x_wconf 82' lang='grc' dir='ltr'><strong><em>η</em></strong></span> <span class='ocrx_word' id='word_1_135' title='bbox 319 2311 385 2383; x_wconf 81' lang='grc' dir='ltr'><strong><em>ἀπὸ</em></strong></span> <span class='ocrx_word' id='word_1_136' title='bbox 419 2320 519 2382; x_wconf 87' lang='grc' dir='ltr'><strong><em>ΑΓΔ</em></strong></span> <span class='ocrx_word' id='word_1_137' title='bbox 555 2320 663 2401; x_wconf 73' lang='grc' dir='ltr'><strong><em>γωνία</em></strong></span> <span class='ocrx_word' id='word_1_138' title='bbox 695 2311 836 2399; x_wconf 80' lang='grc' dir='ltr'><strong><em>ἀμβλεῖα</em></strong></span> <span class='ocrx_word' id='word_1_139' title='bbox 869 2303 953 2379; x_wconf 84' lang='grc' dir='ltr'><strong><em>ούσα</em></strong></span> <span class='ocrx_word' id='word_1_140' title='bbox 985 2313 1091 2397; x_wconf 80' lang='grc' dir='ltr'><strong><em>με’σην</em></strong></span> 
     </span>
     <span class='ocr_line' id='line_1_19' title="bbox 73 2410 1090 2507; baseline -0.006 -19"><span class='ocrx_word' id='word_1_141' title='bbox 73 2418 215 2488; x_wconf 82' lang='grc' dir='ltr'><strong><em>εὐθεῖαν</em></strong></span> <span class='ocrx_word' id='word_1_142' title='bbox 238 2425 305 2507; x_wconf 81' lang='grc' dir='ltr'><strong><em>ἔχει</em></strong></span> <span class='ocrx_word' id='word_1_143' title='bbox 327 2418 390 2507; x_wconf 89' lang='grc' dir='ltr'><strong><em>τήν</em></strong></span> <span class='ocrx_word' id='word_1_144' title='bbox 412 2427 474 2489; x_wconf 90' lang='grc' dir='ltr'><strong><em>ΓΒ</em></strong></span> <span class='ocrx_word' id='word_1_145' title='bbox 497 2421 686 2506; x_wconf 80' lang='grc' dir='ltr'><strong><em>τέμνουσαν</em></strong></span> <span class='ocrx_word' id='word_1_146' title='bbox 711 2417 833 2505; x_wconf 83' lang='grc' dir='ltr'><strong><em>ἑαυτήν</em></strong></span> <span class='ocrx_word' id='word_1_147' title='bbox 858 2421 905 2497; x_wconf 76' lang='grc' dir='ltr'><strong><em>εἰς</em></strong></span> <span class='ocrx_word' id='word_1_148' title='bbox 927 2410 1090 2504; x_wconf 84' lang='grc' dir='ltr'><strong><em>γωνίαςβ</em></strong></span> 
     </span>
     <span class='ocr_line' id='line_1_20' title="bbox 73 2520 1089 2612; baseline -0.007 -17"><span class='ocrx_word' id='word_1_149' title='bbox 73 2525 138 2610; x_wconf 89' lang='grc' dir='ltr'><strong><em>τήν</em></strong></span> <span class='ocrx_word' id='word_1_150' title='bbox 158 2552 194 2594; x_wconf 86' lang='grc' dir='ltr'><strong><em>τε</em></strong></span> <span class='ocrx_word' id='word_1_151' title='bbox 216 2523 283 2595; x_wconf 84' lang='grc' dir='ltr'><strong><em>ὑπὸ</em></strong></span> <span class='ocrx_word' id='word_1_152' title='bbox 302 2531 400 2593; x_wconf 86' lang='grc' dir='ltr'><strong><em>ΑΓΒ</em></strong></span> <span class='ocrx_word' id='word_1_153' title='bbox 423 2526 479 2593; x_wconf 85' lang='grc' dir='ltr'><strong><em>καλ</em></strong></span> <span class='ocrx_word' id='word_1_154' title='bbox 501 2525 563 2612; x_wconf 86' lang='grc' dir='ltr'><strong><em>τήν</em></strong></span> <span class='ocrx_word' id='word_1_155' title='bbox 586 2523 653 2593; x_wconf 86' lang='grc' dir='ltr'><strong><em>ὑπὸ</em></strong></span> <span class='ocrx_word' id='word_1_156' title='bbox 676 2531 787 2609; x_wconf 86' lang='grc' dir='ltr'><strong><em>ΔΓΒ,</em></strong></span> <span class='ocrx_word' id='word_1_157' title='bbox 810 2529 930 2610; x_wconf 79' lang='grc' dir='ltr'><strong><em>μείζων</em></strong></span> <span class='ocrx_word' id='word_1_158' title='bbox 954 2523 1045 2590; x_wconf 79' lang='grc' dir='ltr'><strong><em>ἐστὶν</em></strong></span> <span class='ocrx_word' id='word_1_159' title='bbox 1069 2520 1089 2609; x_wconf 90' lang='grc' dir='ltr'><strong><em>ή</em></strong></span> 
     </span>
     <span class='ocr_line' id='line_1_21' title="bbox 71 2628 1143 2718; baseline -0.005 -17"><span class='ocrx_word' id='word_1_160' title='bbox 71 2630 142 2701; x_wconf 83' lang='grc' dir='ltr'><strong><em>ὑπὸ</em></strong></span> <span class='ocrx_word' id='word_1_161' title='bbox 161 2641 233 2701; x_wconf 86' lang='grc' dir='ltr'><strong><em>ΑΔ</em></strong></span> <span class='ocrx_word' id='word_1_162' title='bbox 240 2637 272 2702; x_wconf 89' lang='grc' dir='ltr'><em>Γ</em></span> <span class='ocrx_word' id='word_1_163' title='bbox 288 2636 346 2718; x_wconf 87' lang='grc' dir='ltr'><strong><em>τής</em></strong></span> <span class='ocrx_word' id='word_1_164' title='bbox 368 2628 434 2699; x_wconf 84' lang='grc' dir='ltr'><strong><em>ὑπὸ</em></strong></span> <span class='ocrx_word' id='word_1_165' title='bbox 456 2637 554 2699; x_wconf 86' lang='grc' dir='ltr'><strong><em>ΔΓΒ</em></strong></span> <span class='ocrx_word' id='word_1_166' title='bbox 579 2639 634 2717; x_wconf 84' lang='grc' dir='ltr'><strong><em>ίση</em></strong></span> <span class='ocrx_word' id='word_1_167' title='bbox 657 2629 895 2717; x_wconf 81' lang='grc' dir='ltr'><strong><em>ἀποδειχθεῖσα</em></strong></span> <span class='ocrx_word' id='word_1_168' title='bbox 918 2632 958 2718; x_wconf 82' lang='grc' dir='ltr'><strong><em>τή</em></strong></span> <span class='ocrx_word' id='word_1_169' title='bbox 978 2634 1088 2713; x_wconf 88' lang='grc' dir='ltr'><strong><em>ΑΓΛ,</em></strong></span> <span class='ocrx_word' id='word_1_170' title='bbox 1108 2647 1143 2696; x_wconf 79' lang='lat'><strong><em>20</em></strong></span> 
     </span>
     <span class='ocr_line' id='line_1_22' title="bbox 70 2729 1091 2825; baseline -0.003 -20"><span class='ocrx_word' id='word_1_171' title='bbox 70 2729 114 2824; x_wconf 85' lang='grc' dir='ltr'><strong><em>ής</em></strong></span> <span class='ocrx_word' id='word_1_172' title='bbox 138 2735 272 2825; x_wconf 86' lang='grc' dir='ltr'><strong><em>ήμίσειά</em></strong></span> <span class='ocrx_word' id='word_1_173' title='bbox 296 2740 387 2806; x_wconf 81' lang='grc' dir='ltr'><strong><em>ἐστιν</em></strong></span> <span class='ocrx_word' id='word_1_174' title='bbox 409 2734 430 2824; x_wconf 90' lang='grc' dir='ltr'><strong><em>ή</em></strong></span> <span class='ocrx_word' id='word_1_175' title='bbox 450 2742 559 2804; x_wconf 89' lang='grc' dir='ltr'><em>ΔΓΒ.</em></span> <span class='ocrx_word' id='word_1_176' title='bbox 596 2738 697 2803; x_wconf 82' lang='grc' dir='ltr'><strong><em>πάλιν</em></strong></span> <span class='ocrx_word' id='word_1_177' title='bbox 717 2737 786 2804; x_wconf 81' lang='grc' dir='ltr'><strong><em>ἐπεὶ</em></strong></span> <span class='ocrx_word' id='word_1_178' title='bbox 805 2745 861 2822; x_wconf 88' lang='grc' dir='ltr'><strong><em>ίση</em></strong></span> <span class='ocrx_word' id='word_1_179' title='bbox 880 2736 970 2803; x_wconf 78' lang='grc' dir='ltr'><strong><em>ἐστὶν</em></strong></span> <span class='ocrx_word' id='word_1_180' title='bbox 989 2731 1010 2819; x_wconf 85' lang='grc' dir='ltr'>ἡ</span> <span class='ocrx_word' id='word_1_181' title='bbox 1030 2740 1091 2802; x_wconf 89' lang='grc' dir='ltr'><strong><em>ΓΒ</em></strong></span> 
     </span>
     <span class='ocr_line' id='line_1_23' title="bbox 70 2839 1091 2932; baseline -0.006 -19"><span class='ocrx_word' id='word_1_182' title='bbox 70 2848 114 2932; x_wconf 83' lang='grc' dir='ltr'><strong><em>τῇ</em></strong></span> <span class='ocrx_word' id='word_1_183' title='bbox 137 2851 215 2927; x_wconf 89' lang='grc' dir='ltr'><strong><em>ΔΒ,</em></strong></span> <span class='ocrx_word' id='word_1_184' title='bbox 239 2851 294 2930; x_wconf 91' lang='grc' dir='ltr'><strong><em>ίση</em></strong></span> <span class='ocrx_word' id='word_1_185' title='bbox 316 2842 385 2911; x_wconf 76' lang='grc' dir='ltr'><strong><em>ἐστὶ</em></strong></span> <span class='ocrx_word' id='word_1_186' title='bbox 403 2848 457 2909; x_wconf 81' lang='grc' dir='ltr'><strong><em>καί</em></strong></span> <span class='ocrx_word' id='word_1_187' title='bbox 475 2839 495 2927; x_wconf 86' lang='grc' dir='ltr'><strong><em>ή</em></strong></span> <span class='ocrx_word' id='word_1_188' title='bbox 516 2839 581 2909; x_wconf 87' lang='grc' dir='ltr'><strong><em>ὑπὸ</em></strong></span> <span class='ocrx_word' id='word_1_189' title='bbox 601 2847 696 2909; x_wconf 89' lang='grc' dir='ltr'><strong><em>ΓΔΒ</em></strong></span> <span class='ocrx_word' id='word_1_190' title='bbox 714 2848 820 2929; x_wconf 81' lang='grc' dir='ltr'><strong><em>γωνία</em></strong></span> <span class='ocrx_word' id='word_1_191' title='bbox 838 2846 878 2929; x_wconf 77' lang='grc' dir='ltr'><strong><em>τῇ</em></strong></span> <span class='ocrx_word' id='word_1_192' title='bbox 896 2841 963 2910; x_wconf 86' lang='grc' dir='ltr'><strong><em>ὑπὸ</em></strong></span> <span class='ocrx_word' id='word_1_193' title='bbox 984 2846 1091 2908; x_wconf 86' lang='grc' dir='ltr'><em>ΔΓΒ.</em></span> 
     </span>
    </p>
   </div>
   <div class='ocr_carea' id='block_1_3' title="bbox 68 2944 1144 3355">
    <p class='ocr_par' dir='ltr' id='par_1_4' title="bbox 68 2944 1144 3355">
     <span class='ocr_line' id='line_1_24' title="bbox 70 2944 1092 3036; baseline -0.006 -19"><span class='ocrx_word' id='word_1_194' title='bbox 70 2947 198 3035; x_wconf 82' lang='grc' dir='ltr'><strong><em>ταύτης</em></strong></span> <span class='ocrx_word' id='word_1_195' title='bbox 220 2948 258 3016; x_wconf 73' lang='grc' dir='ltr'><strong><em>δὲ</em></strong></span> <span class='ocrx_word' id='word_1_196' title='bbox 281 2950 417 3036; x_wconf 81' lang='grc' dir='ltr'><strong><em>ἐδείχθη</em></strong></span> <span class='ocrx_word' id='word_1_197' title='bbox 441 2945 576 3035; x_wconf 83' lang='grc' dir='ltr'><strong><em>ήμίσεια</em></strong></span> <span class='ocrx_word' id='word_1_198' title='bbox 598 2954 705 3032; x_wconf 82' lang='grc' dir='ltr'><strong><em>γωνία</em></strong></span> <span class='ocrx_word' id='word_1_199' title='bbox 727 2974 777 3026; x_wconf 89' lang='grc' dir='ltr'><strong><em>τις</em></strong></span> <span class='ocrx_word' id='word_1_200' title='bbox 800 2944 905 3033; x_wconf 85' lang='grc' dir='ltr'><strong><em>ήύπδ</em></strong></span> <span class='ocrx_word' id='word_1_201' title='bbox 924 2953 1024 3015; x_wconf 85' lang='grc' dir='ltr'><strong><em>ΓΔΑ</em></strong></span> <span class='ocrx_word' id='word_1_202' title='bbox 1043 2950 1092 3012; x_wconf 89' lang='grc' dir='ltr'><strong><em>δι-</em></strong></span> 
     </span>
     <span class='ocr_line' id='line_1_25' title="bbox 70 3042 1091 3143; baseline -0.006 -21"><span class='ocrx_word' id='word_1_203' title='bbox 70 3060 241 3124; x_wconf 84' lang='grc' dir='ltr'><strong><em>πλασίων·</em></strong></span> <span class='ocrx_word' id='word_1_204' title='bbox 278 3059 317 3143; x_wconf 82' lang='grc' dir='ltr'><strong><em>τῇ</em></strong></span> <span class='ocrx_word' id='word_1_205' title='bbox 340 3053 404 3141; x_wconf 84' lang='grc' dir='ltr'><strong><em>χάρ</em></strong></span> <span class='ocrx_word' id='word_1_206' title='bbox 428 3052 494 3121; x_wconf 83' lang='grc' dir='ltr'><strong><em>ὑπὸ</em></strong></span> <span class='ocrx_word' id='word_1_207' title='bbox 518 3059 617 3121; x_wconf 87' lang='grc' dir='ltr'><strong><em>ΑΓΛ</em></strong></span> <span class='ocrx_word' id='word_1_208' title='bbox 640 3062 696 3139; x_wconf 77' lang='grc' dir='ltr'><strong><em>ἴση</em></strong></span> <span class='ocrx_word' id='word_1_209' title='bbox 720 3056 872 3138; x_wconf 79' lang='grc' dir='ltr'><strong><em>ἐδείχθη,</em></strong></span> <span class='ocrx_word' id='word_1_210' title='bbox 895 3042 935 3135; x_wconf 85' lang='grc' dir='ltr'><strong><em>ής</em></strong></span> <span class='ocrx_word' id='word_1_211' title='bbox 957 3049 1091 3136; x_wconf 85' lang='grc' dir='ltr'><strong><em>ἡμίσεια</em></strong></span> 
     </span>
     <span class='ocr_line' id='line_1_26' title="bbox 68 3154 1144 3251; baseline -0.007 -22"><span class='ocrx_word' id='word_1_212' title='bbox 68 3157 177 3249; x_wconf 80' lang='grc' dir='ltr'><strong><em>’ἡύπδ</em></strong></span> <span class='ocrx_word' id='word_1_213' title='bbox 193 3166 300 3229; x_wconf 88' lang='grc' dir='ltr'><em>ΑΓΒ.</em></span> <span class='ocrx_word' id='word_1_214' title='bbox 336 3165 447 3251; x_wconf 75' lang='grc' dir='ltr'><strong><em>πολλῷ</em></strong></span> <span class='ocrx_word' id='word_1_215' title='bbox 462 3158 528 3246; x_wconf 88' lang='grc' dir='ltr'><strong><em>ἀρα</em></strong></span> <span class='ocrx_word' id='word_1_216' title='bbox 543 3165 664 3247; x_wconf 78' lang='grc' dir='ltr'><strong><em>μείζων</em></strong></span> <span class='ocrx_word' id='word_1_217' title='bbox 678 3156 698 3245; x_wconf 83' lang='grc' dir='ltr'><em>ἡ</em></span> <span class='ocrx_word' id='word_1_218' title='bbox 715 3165 811 3226; x_wconf 85' lang='grc' dir='ltr'><strong><em>ΓΔΒ</em></strong></span> <span class='ocrx_word' id='word_1_219' title='bbox 830 3162 887 3245; x_wconf 89' lang='grc' dir='ltr'><strong><em>τής</em></strong></span> <span class='ocrx_word' id='word_1_220' title='bbox 901 3154 968 3225; x_wconf 87' lang='grc' dir='ltr'><strong><em>ύπδ</em></strong></span> <span class='ocrx_word' id='word_1_221' title='bbox 983 3162 1089 3225; x_wconf 85' lang='grc' dir='ltr'><em>ΒΓΑ.</em></span> <span class='ocrx_word' id='word_1_222' title='bbox 1108 3173 1144 3223; x_wconf 76' lang='lat'><strong><em>25</em></strong></span> 
     </span>
     <span class='ocr_line' id='line_1_27' title="bbox 70 3267 422 3355; baseline -0.003 -18"><span class='ocrx_word' id='word_1_223' title='bbox 70 3273 325 3355; x_wconf 85' lang='grc' dir='ltr'><strong><em>τετραπλασίων</em></strong></span> <span class='ocrx_word' id='word_1_224' title='bbox 348 3267 422 3354; x_wconf 80' lang='grc' dir='ltr'><strong><em>γάρ.</em></strong></span> 
     </span>
    </p>
   </div>
   <div class='ocr_carea' id='block_1_4' title="bbox 148 3482 238 3538">
    <p class='ocr_par' dir='ltr' id='par_1_5' title="bbox 148 3482 238 3538">
     <span class='ocr_line' id='line_1_28' title="bbox 148 3482 238 3538; baseline -0.022 -1"><span class='ocrx_word' id='word_1_225' title='bbox 148 3489 191 3538; x_wconf 80' lang='lat'><strong><em>42.</em></strong></span> <span class='ocrx_word' id='word_1_226' title='bbox 211 3482 238 3536; x_wconf 91' lang='lat' dir='ltr'><strong><em>b.</em></strong></span> 
     </span>
    </p>
   </div>
   <div class='ocr_carea' id='block_1_5' title="bbox 75 3610 291 3621">
    <p class='ocr_par' dir='ltr' id='par_1_6' title="bbox 75 3610 291 3621">
     <span class='ocr_line' id='line_1_29' title="bbox 75 3610 291 3621; baseline -0.014 0"><span class='ocrx_word' id='word_1_227' title='bbox 75 3610 291 3621; x_wconf 75' lang='lat'><em>...——--.-—-</em></span> 
     </span>
    </p>
   </div>
   <div class='ocr_carea' id='block_1_6' title="bbox 71 3669 1093 3891">
    <p class='ocr_par' dir='ltr' id='par_1_7' title="bbox 71 3669 1093 3891">
     <span class='ocr_line' id='line_1_30' title="bbox 149 3669 1092 3744; baseline -0.005 -13"><span class='ocrx_word' id='word_1_228' title='bbox 149 3684 172 3733; x_wconf 89' lang='lat'><strong><em>1.</em></strong></span> <span class='ocrx_word' id='word_1_229' title='bbox 192 3675 398 3744; x_wconf 81' lang='grc' dir='ltr'><strong><em>καταφατικῶν</em></strong></span> <span class='ocrx_word' id='word_1_230' title='bbox 416 3675 447 3730; x_wconf 91' lang='grc' dir='ltr'><strong><em>Ρ.</em></strong></span> <span class='ocrx_word' id='word_1_231' title='bbox 520 3680 544 3730; x_wconf 86' lang='grc'><strong><em>8.</em></strong></span> <span class='ocrx_word' id='word_1_232' title='bbox 565 3669 713 3734; x_wconf 77' lang='grc' dir='ltr'><strong><em>ἀνέλεκτος</em></strong></span> <span class='ocrx_word' id='word_1_233' title='bbox 731 3671 761 3726; x_wconf 92' lang='grc' dir='ltr'><strong><em>Ρ.</em></strong></span> <span class='ocrx_word' id='word_1_234' title='bbox 837 3678 878 3729; x_wconf 90' lang='lat'><strong><em>11.</em></strong></span> <span class='ocrx_word' id='word_1_235' title='bbox 898 3675 1041 3726; x_wconf 81' lang='grc' dir='ltr'><strong><em>συντελεῖν</em></strong></span> <span class='ocrx_word' id='word_1_236' title='bbox 1060 3670 1092 3726; x_wconf 86' lang='grc' dir='ltr'><strong><em>Ρ.</em></strong></span> 
     </span>
     <span class='ocr_line' id='line_1_31' title="bbox 111 3743 1093 3819; baseline -0.008 -15"><span class='ocrx_word' id='word_1_237' title='bbox 111 3756 154 3805; x_wconf 80' lang='grc' dir='ltr'><strong><em>ιο.</em></strong></span> <span class='ocrx_word' id='word_1_238' title='bbox 179 3744 226 3819; x_wconf 83' lang='grc' dir='ltr'><strong><em>ε’]</em></strong></span> <span class='ocrx_word' id='word_1_239' title='bbox 245 3746 276 3801; x_wconf 87' lang='lat' dir='ltr'><strong><em>in</em></strong></span> <span class='ocrx_word' id='word_1_240' title='bbox 293 3763 347 3801; x_wconf 75' lang='lat' dir='ltr'><strong><em>m.</em></strong></span> <span class='ocrx_word' id='word_1_241' title='bbox 367 3747 393 3801; x_wconf 87' lang='lat' dir='ltr'><strong><em>b.</em></strong></span> <span class='ocrx_word' id='word_1_242' title='bbox 487 3751 526 3799; x_wconf 85' lang='lat'><strong><em>19.</em></strong></span> <span class='ocrx_word' id='word_1_243' title='bbox 552 3745 654 3815; x_wconf 74' lang='grc' dir='ltr'><strong><em>ΔΓΒ]</em></strong></span> <span class='ocrx_word' id='word_1_244' title='bbox 679 3751 704 3797; x_wconf 76' lang='grc' dir='ltr'><em>Δ</em></span> <span class='ocrx_word' id='word_1_245' title='bbox 723 3746 752 3798; x_wconf 79' lang='lat' dir='ltr'><strong><em>et</em></strong></span> <span class='ocrx_word' id='word_1_246' title='bbox 770 3749 791 3798; x_wconf 81' lang='grc' dir='ltr'><strong>Β</strong></span> <span class='ocrx_word' id='word_1_247' title='bbox 811 3743 841 3798; x_wconf 83' lang='lat' dir='ltr'><strong><em>in</em></strong></span> <span class='ocrx_word' id='word_1_248' title='bbox 859 3760 912 3798; x_wconf 76' lang='lat' dir='ltr'><strong><em>ras.</em></strong></span> <span class='ocrx_word' id='word_1_249' title='bbox 931 3743 959 3797; x_wconf 84' lang='lat' dir='ltr'><strong><em>b.</em></strong></span> <span class='ocrx_word' id='word_1_250' title='bbox 1050 3747 1093 3796; x_wconf 81' lang='grc' dir='ltr'><strong><em>ει.</em></strong></span> 
     </span>
     <span class='ocr_line' id='line_1_32' title="bbox 71 3811 758 3891; baseline -0.004 -15"><span class='ocrx_word' id='word_1_251' title='bbox 71 3819 174 3891; x_wconf 82' lang='grc' dir='ltr'><strong><em>ΔΓΒ]</em></strong></span> <span class='ocrx_word' id='word_1_252' title='bbox 194 3823 216 3873; x_wconf 86' lang='grc' dir='ltr'><strong><em>Β</em></strong></span> <span class='ocrx_word' id='word_1_253' title='bbox 234 3819 265 3872; x_wconf 87' lang='lat' dir='ltr'><strong><em>in</em></strong></span> <span class='ocrx_word' id='word_1_254' title='bbox 282 3834 337 3872; x_wconf 77' lang='lat' dir='ltr'><strong>ras.</strong></span> <span class='ocrx_word' id='word_1_255' title='bbox 358 3819 383 3873; x_wconf 86' lang='lat' dir='ltr'><strong><em>b.</em></strong></span> <span class='ocrx_word' id='word_1_256' title='bbox 457 3823 500 3872; x_wconf 75' lang='lat'><strong><em>22.</em></strong></span> <span class='ocrx_word' id='word_1_257' title='bbox 520 3815 577 3887; x_wconf 81' lang='lat' dir='ltr'><strong><em>Mg.</em></strong></span> <span class='ocrx_word' id='word_1_258' title='bbox 598 3811 613 3884; x_wconf 75' lang='grc' dir='ltr'><em>ἡ</em></span> <span class='ocrx_word' id='word_1_259' title='bbox 635 3819 712 3870; x_wconf 86' lang='grc' dir='ltr'><strong><em>ΓΔΒ</em></strong></span> <span class='ocrx_word' id='word_1_260' title='bbox 732 3815 758 3873; x_wconf 90' lang='lat' dir='ltr'><strong><em>b.</em></strong></span> 
     </span>
    </p>
   </div>
   <div class='ocr_carea' id='block_1_7' title="bbox 128 3915 948 3971">
    <p class='ocr_par' dir='ltr' id='par_1_8' title="bbox 128 3915 948 3971">
     <span class='ocr_line' id='line_1_33' title="bbox 128 3915 948 3971; baseline 0.005 -11"><span class='ocrx_word' id='word_1_261' title='bbox 128 3916 280 3967; x_wconf 71' lang='lat' dir='ltr'><strong><em>Eucliden,</em></strong></span> <span class='ocrx_word' id='word_1_262' title='bbox 294 3916 342 3954; x_wconf 68' lang='lat' dir='ltr'><strong><em>edd</em></strong></span> <span class='ocrx_word' id='word_1_263' title='bbox 355 3915 459 3965; x_wconf 70' lang='grc' dir='ltr'><strong><em>Κτίσεις</em></strong></span> <span class='ocrx_word' id='word_1_264' title='bbox 471 3920 495 3956; x_wconf 81' lang='grc' dir='ltr'><strong><em>οι</em></strong></span> <span class='ocrx_word' id='word_1_265' title='bbox 507 3917 597 3969; x_wconf 61' lang='lat' dir='ltr'><strong><em>mongo.</em></strong></span> <span class='ocrx_word' id='word_1_266' title='bbox 620 3918 648 3960; x_wconf 80' lang='lat' dir='ltr'><strong><em>V.</em></strong></span> <span class='ocrx_word' id='word_1_267' title='bbox 930 3921 948 3971; x_wconf 63' lang='lat'><strong><em>(3</em></strong></span> 
     </span>
    </p>
   </div>
   <div class='ocr_carea' id='block_1_8' title="bbox 0 0 1212 4236">
    <p class='ocr_par' dir='ltr' id='par_1_9' title="bbox 0 0 1212 4236">
     <span class='ocr_line' id='line_1_34' title="bbox 0 0 1212 4236; baseline 0 0"><span class='ocrx_word' id='word_1_268' title='bbox 0 0 1212 4236; x_wconf 95' lang='lat' dir='ltr'><strong><em> </em></strong></span> 
     </span>
    </p>
   </div>
  </div>
 </body>
</html>
