2414 4236
175 500 334 556 SOEOHA
351 501 391 553 m
408 499 684 553 ammom
701 502 876 557 LIBRUMI,
963 501 1029 572 175

40 644 169 729 ναλλάξ,
192 639 254 712 ἐὰν
276 639 321 728 μὴ
343 641 399 708 καὶ
423 642 529 733 ἐντῷ
552 639 643 733 αὐτῷ
663 642 817 734 ἐπιπέδῳ,
841 643 1029 714 κωλύονται

40 756 76 820 οἱ
101 776 146 839 μη
174 746 263 818 εἶναι
289 745 523 835 παραλλήλους
550 740 625 814 οἷον
651 748 761 834 χιαστὶ
788 753 858 816 τῶν
884 747 1029 821 εὐθειῶν

40 857 180 945 ιιμένοιν
201 865 261 942 τῆς
283 856 346 942 μὲν
368 855 406 923 έν
429 853 537 946 ἄλλῳ,
559 858 619 940 τῆς
641 854 679 922 δὲ
703 857 739 922 ἐν
762 853 853 942 ἄλλῳ
877 857 1031 948 ἐπιπέδῳ,
1080 914 1083 921 .

40 963 76 1043 δις
104 961 142 1031 δὲ
168 967 215 1042 είς
242 959 347 1041 αὐτάς
375 960 601 1048 ἐμπιπτούσας
627 961 765 1041 εὐθείας
790 975 882 1031 ποιεί
906 968 1032 1048 γωνίας

40 1069 159 1150 ναλλάξ
181 1076 267 1153 ἐσας,
288 1064 363 1136 ἄλλ’
390 1067 432 1135 οὐ
454 1068 662 1155 παράλληλοι
685 1071 723 1135 αί
744 1067 852 1149 οὕτως
873 1075 1029 1156 κείμεναι.
1068 1070 1086 1119 ⁶

40 1181 235 1264 ροείληπται
257 1165 332 1260 οὖν,
356 1172 409 1243 ὅτι
430 1172 551 1259 πάντα,
575 1172 638 1241 ὅσα
656 1174 917 1263 καταγράφομεν
936 1179 972 1244 έν
990 1181 1031 1265 τῇ

40 1283 163 1372 πιπέδῳ
190 1285 414 1370 πραγματείᾳ,
446 1280 522 1368 περὶ
549 1284 586 1348 ἓν
613 1282 669 1348 καὶ
695 1280 733 1350 τὸ
762 1280 844 1349 αὐτὸ
874 1284 1033 1350 ἐπίπεδον

40 1386 266 1474 ιαντιιζόμεθα.

89 1497 164 1561 104.
353 1507 385 1566 ἐν
404 1512 442 1584 τῷ
457 1505 533 1583 αὐτῷ
553 1503 637 1568 οὖσαι

40 1582 246 1652 συμπίπτουσιν
355 1578 482 1656 ἐπιπέδῳ
496 1580 531 1638 οὗ
544 1579 724 1653 παράλληλοι.
840 1581 874 1638 αί
885 1584 927 1655 αβ
942 1583 989 1654 βγ.
1054 1583 1088 1631 10

86 1937 211 2009 Ἰστέον
224 1941 262 2031 ἐν
275 1953 348 2019 ταῖς
355 1944 425 2007 τῶν
435 1944 670 2026 συλλογισμῶν
679 1942 822 2009 τουτωνὶ
830 1939 1035 2010 άναλάσεσιν

40 2045 78 2114 πὶ
101 2046 162 2133 μὲν
187 2055 250 2114 τοῦ
278 2045 421 2134 ἐσχάτου
449 2043 533 2134 ὅρον
563 2049 728 2115 ἐκτίθεται
754 2047 794 2114 τδι
822 2045 1035 2134 ὑποκείμενα,

40 2151 100 2237 περὶ
124 2142 172 2220 ὦν
193 2149 212 2221 ὁ
237 2151 348 2238 λόγος,
370 2157 476 2220 ταῦτα
500 2152 537 2220 δὲ
559 2149 580 2238 ἢ
604 2151 693 2220 ἁπλᾶ
711 2149 732 2240 ἢ
752 2154 1037 2241 συμπεπλεγμένα,

40 2262 114 2328 :aad
142 2259 218 2346 μέν,
252 2257 334 2328 ὅταν
360 2250 382 2347 ᾖ
410 2259 454 2326 δι’
483 2262 519 2327 ἓν
551 2257 683 2327 άπλοῦν
712 2264 927 2347 συναχθῆναι
958 2279 1037 2345 συμ-

40 2367 191 2453 πέρασμα,
219 2367 494 2454 συμπεπλεγμένα
522 2367 574 2452 δέ,
607 2364 690 2434 ὅταν
718 2364 946 2452 συγκριτικόν·
989 2366 1037 2431 ἐκ·
1057 2369 1092 2417 15

41 2479 175 2542 ίθενται
207 2471 272 2559 γὰρ
303 2472 378 2542 τότε
411 2474 463 2541 ἐπὶ
495 2477 558 2541 τοῦ
589 2475 731 2561 ἐσχάτου
758 2470 841 2558 ὅρου
868 2471 969 2560 ἄμφω
996 2474 1037 2538 τὰ

40 2577 273 2668 ὐγκρινόμενα
303 2574 325 2667 ἢ
352 2579 435 2647 κατὰ
463 2578 501 2648 τὸ
531 2588 606 2647 ίσον
633 2576 655 2666 ἢ
678 2579 761 2648 κατὰ
785 2583 824 2649 τὸ
848 2584 961 2667 μεῖζον
982 2578 1039 2646 καί

40 2695 174 2757 λαττον.
218 2686 273 2755 ἐπὶ
301 2685 338 2754 δέ
364 2690 426 2755 τοῦ
454 2685 589 2774 πρώτου
616 2685 700 2770 ὅρου
723 2690 888 2756 ἐκτίθεται
910 2714 948 2755 το
973 2688 1040 2753 δει-

40 2793 212 2881 νύμενον,
241 2790 259 2861 δ
286 2807 358 2872 τοῖς
384 2789 616 2880 ὑποκειμένοις
644 2797 813 2862 δείκνυται
836 2795 870 2874 ἐξ
893 2790 1040 2879 ἀνάγκης

40 2900 206 2987 πόμενον,
229 2900 282 2968 ἐπὶ
305 2899 343 2968 δὲ
366 2902 427 2967 τοῦ
450 2897 591 2986 με’σουὴ
613 2905 712 2986 αίτία,
737 2898 781 2968 δι’
798 2895 842 2985 ἣν
861 2895 940 2966 καθ’
958 2898 1039 2966 αὑτὸ
1059 2900 1095 2950 20

40 3008 82 3077 αὶ
103 3007 146 3075 οὐ
158 3003 241 3073 κατά
257 3008 467 3093 συμβεβηκὸς
484 3008 522 3072 τὸ
542 3009 676 3090 πρῶτον
694 3009 740 3097 τῷ
761 3003 885 3094 ἐσχάτῳ
901 3005 1041 3070 ἕπεσθαι
1146 3050 1151 3059 -

40 3119 208 3183 είκνυται.

358 3241 415 3306 Ad
438 3263 541 3327 prop.
564 3239 716 3306 XXVIII.

98 3365 173 3433 105.
203 3362 250 3431 Τὸ
269 3362 331 3451 μὲν
349 3363 398 3445 κζ’
418 3362 581 3451 θεώρημα
598 3362 656 3442 τὰς
674 3359 718 3448 μὴ
738 3361 792 3430 ἐπί
805 3386 845 3427 τα
861 3353 945 3426 αὐτὰ
960 3358 1043 3444 μέρη

40 3469 206 3560 ,αμβᾶνον
224 3475 359 3557 γωνίας,
379 3472 473 3549 ἐντὸς
492 3469 529 3538 δὲ
546 3473 615 3537 τάν
637 3465 780 3537 εὐθειῶν
799 3466 951 3553 κειμένας
970 3472 1044 3544 ίσας
1062 3468 1098 3519 25

104 3672 165 3723 104.
185 3685 205 3722 n
223 3667 284 3738 (qui
301 3665 406 3723 talibus
425 3665 521 3737 figuris
540 3666 651 3734 scatet).
725 3667 784 3718 105.
803 3661 843 3715 V·
857 3661 922 3732 (fq).

103 3854 129 3904 1.
148 3841 322 3918 κωλύονται]
342 3848 372 3902 et
388 3863 428 3915 sq.
448 3845 587 3916 compta.
663 3849 688 3902 6.
710 3837 757 3920 ἐν]
776 3861 834 3904 om.
850 3841 887 3901 Ρ.
