2414 4236
233 447 391 500 SOHOLIA
409 449 448 501 IN
461 449 742 506 ‚ELEMENTORUM
759 450 900 502 LIBRUM
913 452 935 504 1.
1023 448 1087 513 177

69 590 251 657 δείκνυται.
289 588 446 675 ἐλέγομεν
470 589 508 657 δέ
530 589 586 656 καί
609 587 790 676 πρότερον,
810 588 865 659 4ὀτι
889 590 1087 678 διαφέρουσι

67 693 110 762 τόι
133 691 400 781 ἀντιστρέφοντα
426 698 473 787 τῷ
502 697 539 763 ἓν
567 694 620 762 ἑνί
647 694 813 782 μα’χεσθαι
847 696 958 784 ῶσπερ
989 695 1027 765 τὸ
1057 696 1086 765 ε’

66 798 186 868 καὶτὸ
211 798 243 872 ς’
267 795 288 886 ἦ
311 803 357 891 τῷ
381 806 532 869 πλείοσιν
556 802 593 867 ἓν
619 797 664 881 ῶς
690 799 727 869 τὸ
759 800 838 869 νυνὶ
865 807 1086 889 προκείμενον

69 918 142 986 τοῖς
163 903 227 993 πρὸ
250 902 366 974 αὐτοῦ.
413 906 525 974 ἰστέον
550 906 598 991 δέ,
621 903 673 975 ὅτι
696 909 733 975 έν
755 909 865 999 τούτῳ
887 912 934 999 τῷ
958 906 1086 996 θεωρή-

71 1037 149 1098 ματι
167 1015 301 1100 πρῶτον
315 1011 476 1099 ἐχρήσατο
492 1008 510 1080 ὀ
526 1010 736 1101 στοιχειαιὴς
748 1016 794 1105 τῶ
810 1013 964 1101 αίτήματι
977 1014 1084 1106 τούτφ
1122 1038 1139 1085 σ

68 1122 129 1209 τῶ
152 1117 213 1186 ἐὰν
232 1122 280 1198 είς
299 1116 362 1186 δύο
387 1114 524 1197 εὐθείας
546 1116 664 1186 εὐθεῖα
687 1121 894 1206 ἐμπίπτουσα
916 1122 974 1201 τὰς
992 1120 1087 1202 ἐντὸς

66 1225 123 1292 καὶ
147 1225 202 1292 ἐπὶ
224 1250 265 1292 τα
290 1221 375 1292 αὐτὰ
399 1224 482 1311 μέρη
510 1229 635 1310 γωνίας
664 1224 727 1294 δύο
757 1223 874 1314 ὀρθῶν
902 1226 1087 1307 ἐλάσσονας

68 1333 164 1420 ποιῇ,
192 1336 392 1418 συμπίπτειν
416 1328 552 1410 εὐθείας
580 1332 838 1418 ἐκβαλλομένας,
872 1330 926 1419 ἐφ’
952 1329 973 1398 ἀ
1003 1334 1085 1420 μέρη

68 1438 157 1506 είσλν
181 1439 218 1504 αί
237 1441 307 1506 τῶν
329 1442 352 1521 β
375 1435 492 1524 ὀρθῶν
516 1436 705 1517 ἐλάσσονες.

140 1547 214 1612 108.
244 1540 290 1611 Ἡ
313 1546 360 1624 είς
387 1541 447 1622 τὰς
474 1543 708 1631 παραλλήλους
731 1543 866 1624 εὐθείας
889 1542 1007 1613 εὐθεῖα
1030 1545 1084 1630 ἐμ·
1105 1568 1138 1615 10

68 1655 237 1718 πίπτουσα
260 1650 318 1730 τὰς
346 1648 489 1730 ἐναλλὰξ
517 1657 591 1729 ίσας
617 1664 709 1718 ποιεῖ
738 1652 794 1718 καλ
825 1649 888 1737 τὴν
921 1649 1015 1729 ἐκτὸς
1045 1654 1085 1738 τῇ

67 1753 165 1837 ἐντὸς
186 1755 243 1823 καί
264 1753 469 1824 ἀπεναντίον
493 1764 571 1842 ίσηυ
599 1757 653 1824 καί
677 1755 735 1836 τὰς
759 1759 853 1836 ἐντὸς
880 1757 936 1824 καὶ
964 1756 1016 1825 ἐπὶ
1044 1754 1084 1823 τὰ

68 1859 154 1931 αὐτὰ
178 1862 261 1950 μέρη
285 1861 349 1931 δύο
374 1860 496 1947 ὀρθαῖς
519 1870 602 1942 ίσας.
647 1867 746 1931 τοῦτο
770 1862 808 1932 τὸ
835 1862 997 1952 θεῶρημα
1025 1860 1086 1948 ἀμ-

10 2024 15 2035 .
69 1968 225 2056 φοτέροις
250 1965 462 2055 ἀντιστρέφει
490 1981 561 2047 τοῖς
593 1971 847 2056 προειρημένοις
878 1967 1086 2055 θεωρήμασι·

70 2071 196 2163 τὸγὰρ
219 2077 257 2143 ἐν
280 2075 423 2165 ἑκατέρῳ
448 2072 651 2160 ζητούμενον
674 2072 842 2142 ὑπόθεσιν
866 2088 1020 2159 ποιεῖται,
1045 2072 1085 2141 τὰ
1106 2097 1139 2146 15

69 2182 108 2249 έν
137 2181 276 2261 ἐκείνοις
306 2182 471 2267 δεδομένα
500 2179 673 2248 δεικνύναι
700 2190 906 2268 προτίθεται.
951 2181 1006 2248 καὶ
1035 2184 1088 2247 δεῖ

68 2290 262 2374 μεμνῆσθαι
289 2286 346 2354 καὶ
373 2290 435 2372 τῆς
460 2285 617 2372 τοιαύτης
648 2289 717 2353 τῶν
747 2283 981 2373 ἀντιστροφῶυ
1014 2289 1086 2352 δια-

67 2397 188 2479 φορᾶς,
210 2392 262 2462 ὅτι
285 2396 354 2460 πᾶν
376 2391 414 2459 τὸ
439 2389 666 2480 ἀντίστροφον
690 2387 711 2476 ἢ
736 2393 773 2458 ἓν
792 2391 845 2459 έυλ
863 2386 1085 2475 ἀντιστρέφει,

67 2499 116 2579 ῶς
137 2502 182 2590 τῶ
207 2500 341 2589 πέμπτῳ
368 2496 406 2566 τό
431 2500 543 2583 ἕκτον,
572 2495 593 2583 ἢ
618 2503 770 2566 πλείοσιν
794 2499 847 2583 ἕν,
877 2493 921 2577 ῶς
943 2494 981 2563 τὸ
1007 2496 1085 2563 νυνὶ

67 2611 291 2692 προκείμενον
314 2618 384 2684 τοῖς
407 2602 470 2691 πρὸ
496 2600 609 2672 αὐτοῦ.
656 2606 693 2671 ἐν
727 2603 764 2672 δὲ
790 2603 897 2695 τούτφ
925 2606 970 2694 τῷ
1001 2612 1086 2669 θεα-
1104 2626 1139 2675 20

67 2710 191 2799 ρήματι
212 2713 347 2798 πρῶτον
371 2707 388 2778 ὁ
413 2707 625 2796 στοιχειαιτὴς
648 2707 811 2797 ἐχρήσατο
834 2712 881 2800 τῷ
904 2711 971 2777 τῶν
995 2711 1086 2795 αίτη-

66 2816 186 2904 μάταν
204 2819 264 2907 τῷ·
288 2815 348 2883 ἐὰν
367 2820 415 2895 είς
434 2814 497 2883 δύο
516 2813 652 2894 εὐθείας
670 2813 789 2883 εὐθεῖα
804 2818 1010 2902 ἐμπίπτουσα
1028 2812 1086 2894 τὰς

68 2920 165 3002 ἐντὸς
189 2922 244 2989 καὶ
268 2921 320 2989 ἐπὶ
343 2921 380 2988 τὰ
405 2919 489 2988 αὐτὰ
514 2921 595 3008 μέρη
620 2926 745 3007 γωνίας
768 2920 831 2988 δύο
855 2917 971 3006 ὀρθῶν
991 2920 1086 2987 ἐλάσ-

66 3049 174 3109 σονας
205 3031 304 3116 ποιῇ,
338 3034 537 3114 συμπίπτειν
575 3027 633 3107 τὰς
665 3026 801 3107 εὐθείας
832 3026 1085 3111 ἐκβαλλομένας,

67 3131 126 3220 ἐφ’
147 3131 169 3201 ἀ
192 3135 276 3222 μέρη
295 3134 380 3202 είσίυ
400 3136 437 3201 αί
452 3137 521 3202 τῶν
540 3135 603 3203 δύο
624 3134 742 3220 ὀρθῶν
761 3131 951 3210 ἐλάσσονες·
975 3130 1085 3219 ῶσπερ
1104 3156 1140 3204 25

68 3272 284 3282 .------

143 3334 203 3385 108.
222 3327 252 3384 Ρ.

74 3449 287 3458 „nn-a———nn

143 3503 210 3561 2τό
230 3502 257 3560 ε’
277 3501 393 3576 natta]
417 3521 487 3560 corr.
507 3506 597 3580 ειτῷ
617 3502 642 3560 ε’
663 3503 768 3578 καὶτῷ
788 3523 823 3558 m.
844 3521 899 3560 rec.
919 3503 957 3571 V,
980 3502 1036 3556 τῶν
1057 3498 1084 3555 ε’

69 3574 123 3632 καλ
141 3581 198 3630 τῶν
217 3594 244 3647 q.
309 3583 333 3630 3.
353 3577 460 3631 πλείοσι
478 3575 512 3644 V,
532 3593 601 3632 corr.
621 3595 658 3631 m.
678 3592 732 3631 rec.
798 3574 840 3647 ἓν]
861 3592 915 3632 om.
934 3592 965 3643 q,
984 3589 1084 3628 ecotr.

70 3665 109 3702 m.
128 3662 183 3702 rec.
204 3648 237 3702 V.
330 3652 372 3700 11.
391 3644 460 3718 τήν]
485 3649 518 3737 τῇ
538 3647 568 3702 P.
661 3652 702 3701 18.
727 3645 775 3718 ἓν]
796 3642 844 3701 ἓνί
858 3648 889 3702 Ρ.
980 3650 1022 3700 19.
1042 3641 1073 3697 ἓν

70 3713 184 3843 έμόςὶἰ).
256 3723 300 3773 21.
318 3717 371 3790 τῷ]
391 3734 441 3771 scr.
462 3738 559 3792 τουτφ.
625 3724 668 3773 22.
688 3713 752 3787 ἐάν]
772 3713 803 3773 ἐν
821 3715 850 3773 Ρ.
917 3723 959 3772 26.
979 3712 1072 3783 ὥσπερ

69 3806 142 3845 mm
184 3834 190 3848 .

124 3886 272 3939 luolidn,
288 3887 335 3929 εδδ.
349 3888 488 3939 Ησίῠιιςιί
500 3889 592 3944 Moneo.
616 3894 645 3936 V.
906 3885 946 3937 &2
