2414 4236
183 541 186 547 Δ
211 473 369 525 SCHOLIA
386 475 425 525 IN
442 474 717 526 ELEMENTORL'M
735 474 875 526 LIBRUM
887 475 921 528 V.
1007 471 1073 537 299

57 610 163 682 αὐτὸν
179 617 243 701 ,ἔχη
267 613 379 698 λόγον.
426 618 576 682 δείκνυσι
604 614 642 682 δὲ
665 612 750 682 αὐτὰ
775 615 813 682 ἐν
836 617 881 705 τῷ
904 612 1075 706 λόγφδιά

57 719 182 789 τούτου
204 718 260 786 καλ
282 722 342 804 τῆς
363 715 588 807 ἀντιστροφῆς
611 717 727 789 αὐτοῦ.

124 830 176 894 44.
208 824 318 894 Ἐστω
345 824 411 912 γάρ
438 837 572 912 πρῶτον
599 825 640 894 τά
668 816 772 894 {ml
796 826 956 914 δεύτερον
978 827 1018 896 τὰ
1042 833 1074 914 ἓ,

56 932 91 1019 γ’
114 930 155 1000 τὰ
179 938 208 1000 ι“ε
235 933 291 1000 καλ
314 932 348 1000 δ’
371 930 411 1001 τὰ
434 938 461 1000 ῖ.
512 931 573 1000 τὸν
601 931 708 1001 αὐτὸν
736 926 800 1002 οὖν
827 927 931 1020 λόγον
959 939 1075 1022 ἔχουσι

56 1037 95 1106 τὸ
119 1040 255 1125 πρῶτον
282 1036 365 1124 πρὸς
392 1037 430 1105 τὸ
456 1037 617 1123 δεύτερον
649 1039 705 1106 καί
732 1037 770 1106 τὸ
793 1046 908 1126 τρίτον
930 1039 1014 1127 πρὸς
1035 1038 1110 1110 τὸσ

57 1144 229 1231 τέταρτον·
270 1142 418 1232 ἡμιόλιοι
448 1143 513 1230 γὰρ
542 1141 726 1233 ἀμφότεροι
758 1144 969 1234 ἀμφοτέρων.
1018 1147 1074 1213 καλ

59 1248 100 1319 τίι
135 1250 244 1329 ἰσάκις
274 1255 393 1318 τοίνυν
425 1250 657 1319 πολλαπλάσια
688 1255 750 1319 τοῦ
780 1278 816 1320 τε
847 1251 983 1340 πράσον
1018 1252 1073 1319 καλ

57 1362 174 1443 τρίτου
195 1355 279 1443 πρὸς
301 1355 341 1423 τά
365 1357 473 1436 ἰσάκις
496 1355 727 1425 πολλαπλάσια
748 1362 810 1427 τοῦ
834 1360 995 1446 ὄευτίρου
1016 1360 1072 1426 καί
1166 1444 1173 1455 ⁹

57 1460 220 1549 τετάρτου
249 1459 328 1529 καθ’
355 1461 541 1530 ὁποιονοῦν
569 1488 644 1530 τινα
666 1461 986 1551 πολλαπλασιασμὸν
1013 1463 1074 1533 τὸν

57 1566 165 1637 αὐτὸν
200 1569 264 1649 ἔξει
296 1566 400 1653 λόγον
433 1569 609 1654 ληφθέντα
640 1568 838 1654 κατάλληλα.
893 1573 976 1637 ἔστω
1008 1568 1074 1655 γὰρ
1094 1582 1151 1643 10'

56 1685 121 1744 τοῦ
138 1664 167 1741 ᾗ
187 1671 281 1760 τελῶ
305 1673 360 1739 καί
378 1677 440 1740 τοῦ
460 1678 489 1740 ἴε
506 1665 585 1741 τάλ
608 1675 717 1754 ἰσάκις
740 1676 984 1743 πολλαπλάσια·
1013 1672 1074 1762 ἀμ-

57 1779 186 1868 φότερα
207 1778 274 1865 γὰρ
298 1778 457 1847 διπλάσια
480 1776 687 1867 ἀμφοτέρων.
729 1791 798 1848 τῶν
822 1779 859 1847 δὲ
881 1786 902 1851 ἒ
925 1785 1074 1848 ἔστωσαν

57 1884 98 1956 τὰ
113 1890 154 1954 aa
174 1887 230 1953 καί
247 1888 317 1953 τῶν
330 1890 348 1952 ῖ
362 1884 440 1972 τάῐι
459 1885 568 1966 ἰσάκις
585 1887 830 1955 πολλαπλάσια·
852 1886 1081 1974 τετραπλάσια.

58 1990 125 2080 γὰρ
143 1989 316 2079 ἀμφότερα
331 1988 539 2079 ἀμφοτέρων.
575 1990 754 2061 τὸυαύτὸν
769 1984 1075 2080 οάυλόγονέξουσι
1193 2009 1197 2017 ’

57 2097 156 2185 τάἧη
184 2096 267 2183 πρὸς
293 2097 334 2164 τὰ
356 2101 399 2165 ῖιιλ
426 2098 481 2164 καί
505 2089 582 2165 τάλ
610 2095 693 2183 πρὸς
719 2096 760 2166 τά
784 2104 819 2185 ρι’
864 2096 1076 2185 ὑπεπίτριτος
1095 2122 1128 2173 15

57 2204 124 2292 γὰρ
146 2206 202 2272 καλ
227 2202 300 2291 ὁῖῇ
326 2207 388 2272 τοῦ
410 2208 452 2271 ιἰδ
476 2204 530 2271 καί
554 2194 616 2271 ὁλ
635 2215 695 2271 τοῦ
719 2231 751 2290 μ.
1119 2230 1123 2235 ·

125 2314 178 2380 45.
221 2309 290 2376 Διά
318 2308 355 2377 τὸ
386 2307 613 2396 ἀντίστροφον
635 2313 698 2377 τοῦ
720 2309 878 2395 λέγοντος
900 2308 996 2394 ὅρον·
1038 2314 1075 2379 ἐν

58 2420 105 2508 τῷ
128 2415 219 2507 αὐτῷ
242 2416 331 2506 λόγῳ
355 2417 481 2501 μεγέθη
500 2417 629 2500 λέγεται
647 2412 735 2483 εἶναι
752 2415 809 2483 καὶ
826 2414 867 2482 τά
887 2415 968 2502 ἑξῆς.
1005 2416 1094 2484 ἐπεί

59 2525 97 2592 ἐν
119 2523 180 2608 μὲν
202 2526 248 2612 τῷ
273 2519 340 2612 ὅρφ
369 2520 434 2588 ἀπὸ
462 2524 521 2608 τῆς
548 2519 715 2609 ὑπεροχῆς
746 2516 767 2606 ἣ
796 2520 949 2608 ἰσότητος
980 2518 1074 2607 3152-

58 2635 198 2709 λείνεως
233 2631 301 2695 τῶν
334 2626 443 2707 ἰσάκις
473 2633 734 2696 πολλαπλασίων
767 2630 915 2696 ἐδείκνυε
941 2625 982 2697 τά
1013 2626 1073 2696 τὸν
1093 2648 1128 2699 20

59 2733 165 2803 αὐτὸν
184 2740 304 2822 ἔχοντα
323 2733 436 2820 λόγον,
460 2736 611 2803 ἐνταῦθα
631 2732 669 2802 δὲ
687 2731 869 2802 ἀνάπαλιν·
892 2736 976 2821 φησί
994 2733 1073 2820 γάρ·

60 2840 148 2906 εἰσλν
170 2837 317 2926 ἰμόλογα
340 2838 380 2908 τά
400 2849 443 2925 Α,
463 2847 491 2908 Β
513 2841 570 2908 καλ
589 2847 628 2927 Γ,
648 2848 692 2926 Δ,
714 2840 771 2908 καλ
789 2842 926 2928 ἐδείχθη
944 2841 1075 2909 τούτων

61 2942 171 3024 ἰσάκις
192 2945 422 3015 πολλαπλάσια
445 2945 485 3014 τὰ
508 2954 552 3032 K,
572 2955 614 3033 A,
634 2954 684 3032 Μ,
703 2953 751 3014 Ν·
782 2951 813 3015 εἰ
834 2944 900 3034 ἄρα
923 2944 1074 3034 ὑπερέχει

62 3082 275 3092 -ω-

131 3146 173 3193 ιι.
191 3139 248 3196 Ab.
322 3147 366 3197 ιι.
385 3141 504 3212 ιιρν).

63 3259 276 3270 —-—

131 3323 155 3370 1.
176 3316 192 3371 ἔ
209 3335 235 3372 ει
253 3318 294 3373 B?
310 3318 372 3373 Vat.
432 3319 577 3373 δείκνυσιν
596 3316 626 3371 P.
681 3323 706 3372 2.
726 3311 829 3388 αἰτοῦ]
849 3333 904 3374 om.
920 3316 1039 3374 BFVat.
1048 3336 1075 3387 q.

96 3394 121 3442 3.
140 3384 194 3456 γάρ
228 3405 282 3444 om.
296 3389 329 3442 A.
386 3393 412 3445 8.
431 3390 497 3461 καί]
516 3388 564 3443 καλ
584 3388 634 3443 τοῦ
653 3388 680 3442 b.
736 3394 761 3443 9.
780 3387 856 3460 τινα]
876 3406 929 3445 οιιι.
946 3393 976 3443 A.
1033 3394 1076 3444 18.¹

59 3454 93 3512 κά
112 3457 161 3530 id]
181 3479 212 3515 ιο
227 3462 265 3514 ιῑδ
282 3460 310 3514 b.
383 3460 447 3531 καί]
468 3477 521 3516 om.
537 3460 564 3514 b.
638 3456 730 3522 ἰσάκις
742 3456 950 3532 πολλαπλάσια]
970 3476 1024 3515 om.
1042 3460 1076 3515 A„

98 3535 140 3585 1⁷.
165 3529 256 3602 Supra
280 3548 332 3586 ser.
351 3529 419 3586 νέον
443 3534 463 3585 λ.
554 3530 605 3584 τοῦ
625 3523 693 3597 ὅρου
712 3532 763 3585 τοῦ
783 3527 809 3584 ε’
829 3530 880 3586 τοῦ
898 3528 1030 3600 λέγοντος
1053 3535 1075 3586 t.

97 3605 138 3656 18.
162 3603 211 3656 καλ
230 3598 265 3655 τά
286 3598 367 3674 ἰξὴς]
392 3602 504 3669 πρῶτον
522 3597 593 3667 πρὸς
612 3598 747 3668 δεύτερον
766 3601 815 3655 καλ
832 3604 927 3670 τρίτον
944 3597 1016 3669 πρὸς
1032 3598 1076 3656 τί·

59 3689 175 3738 ταρτον,
200 3669 269 3727 ὅταν
292 3670 328 3727 τὰ
350 3673 400 3728 τοῦ
418 3669 531 3743 πρώτου
550 3671 600 3726 καλ
618 3667 646 3740 γ’
667 3670 716 3726 καλ
735 3665 808 3739 ἑξῆς.
844 3673 905 3734 πῶς
923 3671 956 3728 δὲ
975 3669 1024 3727 διά
1043 3669 1075 3727 τὸ

59 3736 262 3812 άντίστροφονς
281 3746 303 3798 t.
395 3750 437 3799 19.
462 3739 601 3814 ἰσότητος]
620 3740 742 3803 ἰσάσεως
759 3742 793 3796 Δ.
879 3748 922 3799 22.
945 3740 1029 3815 εἰσίν]
1049 3745 1080 3798 εἰ

61 3810 131 3866 εἰσιν
151 3814 183 3867 Δ.
256 3810 305 3886 τά]
324 3811 357 3869 τό
375 3816 426 3870 At.
498 3820 541 3870 23.
560 3812 646 3887 m]
665 3814 804 3882 E,ch
819 3818 841 3871 t.
913 3809 1035 3886 εἰλάηλ,
