2414 4236
344 506 615 561 PROLEGOMENA
634 510 786 567 GRITIGA.
1003 511 1077 568 CVII

51 663 171 720 prorsus
195 645 338 703 similibus
361 645 472 717 solidis,
500 646 577 717 quod
597 648 737 719 interpres
759 650 865 707 latinns
889 652 936 707 hic
961 654 1074 710 omisit“

54 725 298 795 (additamentum
321 725 430 782 codicia
451 727 474 781 B
497 727 586 782 habet
612 731 642 784 et
664 728 809 799 Gryuaeus
837 734 868 786 et
890 731 1075 804 Zambertue),

56 805 95 863 ib.
114 806 247 874 „stantes
265 805 311 861 hic
329 806 474 876 la(ti)nnm
492 805 611 877 addidit,
630 825 727 863 uerum
746 809 819 865 nihil
837 813 898 867 est‘
918 815 1075 882 („stoutes“

57 885 136 957 apud
155 886 337 941 Zambertnm
360 904 388 956 p.
407 892 461 941 671
477 885 630 956 respondet
648 887 755 944 Graeco
779 886 813 944 ci
830 886 1017 960 ἐφεστηκυῖαι
1036 892 1076 946 [V

57 984 87 1037 p.
105 971 152 1032 92,
171 969 214 1035 8),
241 965 279 1021 ib.
300 968 358 1039 „cp
374 965 493 1021 latinum
512 965 611 1035 habet,
635 966 684 1022 sod
708 968 826 1038 perinde
845 972 907 1024 est‘
930 972 997 1040 (pro
1016 976 1079 1026 AM

59 1063 90 1116 p.
108 1051 153 1113 92,
172 1050 206 1099 21
231 1045 396 1100 Zambertua
413 1062 441 1116 p.
460 1050 513 1100 au
531 1044 596 1100 hob.
615 1047 678 1119 αβ),
705 1046 744 1102 ib.
764 1068 821 1118 „pp
840 1048 960 1104 latinum
979 1051 1074 1119 habet,

58 1125 108 1180 aed
126 1126 173 1180 eat
189 1124 284 1179 idem⁸⁴
303 1122 413 1193 (sedin
431 1124 474 1181 ed.
492 1140 518 1181 a.
540 1128 609 1179 1616
627 1127 673 1180 eat
688 1137 731 1196 pc
749 1127 830 1182 utin
847 1127 890 1182 ed.
910 1128 1018 1197 Blasii),
1037 1129 1075 1189 ed

60 1203 112 1271 XI,
131 1209 168 1259 40
192 1203 246 1275 <IV
268 1223 296 1275 p.
317 1205 450 1274 131,11)
473 1203 612 1272 „latinum
634 1208 688 1274 pit,
715 1204 765 1261 sed
787 1207 904 1277 perinde
927 1211 990 1263 eet“
1015 1209 1075 1277 (sed

59 1283 226 1339 Zambertus
243 1301 271 1353 p.
289 1289 342 1340 88⁷
360 1303 396 1353 ηιι
414 1285 513 1352 habet,
537 1283 610 1338 mont
627 1282 787 1354 Gryneeus;
815 1287 859 1341 his
878 1286 987 1342 duobus
1005 1287 1074 1343 locis

60 1363 149 1433 igitur
170 1363 367 1433 interpretatio
391 1363 533 1418 Zemberti
553 1362 584 1417 iu
607 1362 731 1420 editione
755 1364 938 1436 Heruegiane
960 1383 985 1421 a.
1006 1372 1075 1421 1646

60 1443 96 1498 ad
115 1441 254 1498 Graecam
271 1442 426 1499 editionem
444 1460 469 1499 a
490 1447 560 1497 1663
579 1446 707 1499 correcta
725 1448 787 1516 est).

131 1539 196 1577 oum
215 1524 245 1576 et
262 1522 361 1577 Uenet
381 1528 432 1577 601
452 1522 483 1576 et
500 1521 588 1577 Paris.
603 1526 674 1576 1346
694 1523 862 1580 deterrimus
881 1526 926 1594 sit,
946 1526 981 1580 ad
1003 1542 1050 1581 arc

60 1599 805 1735 qrfflfflQffipeipia.
844 1605 893 1659 sed
912 1607 1008 1660 tamen
1026 1606 1074 1660 din

59 1682 122 1737 fons
136 1680 408 1750 fundamentumque
421 1683 516 1736 textus
555 1695 630 1734 raeci
680 1686 854 1738 ementorum
869 1682 980 1740 mansit.
1009 1700 1075 1738 nam

61 1779 135 1833 quoe
153 1762 256 1818 deinde
274 1760 440 1832 prodierunt
458 1759 607 1828 editionea,
625 1776 682 1815 non
701 1777 734 1816 eo
753 1761 872 1817 consilio
890 1762 982 1818 factm
1002 1765 1075 1833 sunt,

60 1846 90 1897 nt
107 1842 199 1898 uerbe
210 1839 338 1896 Enclidis
357 1857 373 1896 e
392 1838 536 1896 codicibus
551 1838 665 1894 Graecis
683 1840 838 1911 integriora
851 1841 1075 1912 restituerentur,

59 1923 108 1977 sed
122 1923 156 1976 nt
169 1920 385 1977 mathematicos
399 1919 532 1976 studiosis
545 1918 658 1974 modico
672 1921 764 1990 pretio
774 1921 869 1977 habile
880 1922 1075 1993 compendium

60 2003 208 2072 purnretnr
225 1999 449 2068 Elementorum,
477 2015 550 2069 qnae
573 1999 634 2053 tum
656 1999 686 2053 in
711 1997 813 2056 scholis
835 2017 853 2055 a
871 2001 1075 2071 professoribus

61 2080 278 2136 mathematicos
296 2079 383 2150 uulgo
402 2079 585 2134 docebantur.
623 2078 682 2133 eius
701 2080 813 2149 generis
830 2079 883 2137 hae
903 2083 969 2136 sunt

130 2159 256 2233 Euclidis
282 2159 487 2215 elementorum
510 2157 577 2213 libri
599 2157 659 2213 XV.
690 2157 797 2214 Romae
822 2166 905 2227 15453
934 2159 1076 2229 „Antonio

62 2238 192 2295 Altovito
214 2239 245 2293 in
266 2238 365 2309 primis
388 2236 578 2293 eruditiosimo
601 2235 728 2308 Angelus
748 2238 869 2296 Caianns
887 2257 909 2295 s.
923 2258 951 2309 p.
967 2241 1012 2294 d.“
1032 2243 1076 2308 (ex

62 2320 150 2390 praef.
169 2319 280 2375 adfero:
310 2335 407 2374 omnea
430 2317 504 2371 enim
527 2314 582 2371 tibi
604 2315 688 2372 affert
710 2319 913 2373 elementorum
936 2318 1023 2372 libros
1043 2348 1076 2358 —

62 2402 112 2455 hos
127 2400 180 2455 XV
199 2416 259 2456 ease
277 2414 335 2454 non
353 2396 469 2467 ignoras
482 2426 516 2436 -
531 2412 596 2450 oum
613 2396 739 2468 integros
757 2399 818 2452 tum
838 2397 1002 2452 emendatos
1015 2398 1077 2451 tum

63 2481 149 2535 etiam
167 2495 185 2533 a
203 2478 344 2535 sexcentis
362 2477 446 2533 rebus
463 2477 545 2544 quasi
562 2477 711 2546 purgatos,
734 2493 806 2547 qnae
825 2493 877 2531 nec
890 2475 1015 2532 Euclidis
1034 2477 1076 2530 in-

60 2559 174 2630 genium
192 2557 265 2614 illud
283 2573 372 2629 prope
390 2556 518 2611 diuinum
535 2572 626 2625 neque
644 2555 876 2626 perspicuitatem
901 2598 930 2612 ..
949 2556 1077 2613 redolere

59 2638 174 2709 penitus
191 2636 383 2707 videbantur);
407 2635 534 2693 continet
551 2634 758 2704 propositiones
777 2637 851 2693 solas
869 2637 941 2707 (eine
960 2637 1074 2693 demon-

61 2718 257 2787 strationibus)
276 2717 401 2774 omnium
418 2715 470 2771 XV
488 2715 624 2770 librorum
642 2712 756 2772 Graece.

133 2795 263 2853 Euclidia
281 2798 486 2853 elementorum
504 2795 738 2865 geometricorum
761 2795 827 2851 libri
846 2797 884 2852 Vl
903 2798 1029 2853 conversi
1048 2797 1078 2851 in

60 2879 183 2935 latinum
200 2894 356 2934 sermonem
376 2894 394 2932 a
411 2864 504 2931 Iodch.
525 2873 698 2941 camerario,
721 2875 824 2931 edebat
842 2876 957 2947 Lipsiae
976 2875 1077 2946 Georg.

60 2957 427 3027 Ioach.Bhet(icne)1t49;
444 2955 475 3009 in
491 2955 581 3026 praei.
600 2955 699 3024 „nobis
717 2955 771 3010 hoc
789 2957 968 3025 potissimum
986 2958 1015 3010 in
1031 2956 1078 3009 od-

63 3037 192 3093 ornanda
209 3035 444 3106 interpretatione
462 3051 538 3091 noua
556 3034 704 3090 consilinm
717 3033 781 3103 luit,
800 3037 833 3089 ut
845 3034 965 3090 studiosi
978 3034 1078 3087 horum

61 3118 277 3189 disciplinarum
296 3115 333 3171 ad
351 3114 488 3172 Graecam
506 3116 633 3187 linguam
651 3115 814 3170 discendam
832 3115 1046 3168 inniterentur“.

132 3196 260 3252 Euclidis
273 3196 484 3252 Elementorum
498 3195 565 3251 libri
578 3194 630 3248 XV
649 3194 757 3249 Graece
772 3195 801 3249 et
814 3192 923 3248 Latine.
949 3190 1079 3247 Lutetiae

65 3282 135 3334 1668
155 3277 291 3347 (repetita
303 3275 341 3331 ib.
358 3280 437 3345 1676,
455 3277 550 3345 1698»
569 3274 599 3330 in
612 3273 701 3344 praei.
717 3272 765 3342 (ad
779 3272 931 3328 candidum
944 3271 1080 3326 lectorem

62 3357 106 3417 fle
124 3356 247 3414 Gracilis
265 3353 419 3427 praelatio,
437 3355 531 3411 Lutot
550 3360 568 3409 4
585 3352 625 3408 Id.
645 3355 712 3424 Apr.
733 3355 814 3423 itti)
837 3350 956 3407 Gracilis
974 3351 1080 3420 narrat,

61 3457 134 3510 opus
153 3438 316 3509 susceptum
334 3453 396 3492 esee
414 3435 545 3492 hortante
563 3433 602 3490 Io.
622 3431 773 3503 Magnieno
797 3431 955 3502 professore
970 3430 1080 3485 mathe-

64 3519 184 3574 maticos
196 3516 364 3585 Parisiensi;
382 3515 413 3572 in
425 3517 495 3573 libb.
504 3514 593 3570 I-VI
606 3530 637 3569 se
650 3510 785 3582 temporis
800 3509 938 3582 angustiis
953 3513 1082 3568 eoactum

63 3597 137 3654 nihil
147 3597 206 3653 iere
217 3598 353 3663 mutasse,
365 3594 396 3651 in
406 3595 505 3652 ceteris
515 3597 610 3650 autem
621 3592 795 3661 emendasse,
810 3608 900 3660 „quae
910 3593 1080 3647 subobscure

61 3678 111 3733 rel
127 3692 227 3747 parum
248 3674 395 3732 commode
417 3676 446 3730 in
469 3690 628 3732 sermonem
646 3673 769 3727 latinum
787 3687 802 3726 e
821 3687 924 3741 graeco
941 3673 1082 3728 translate

65 3756 266 3826 videbantufl‘,
289 3756 319 3811 in
340 3754 391 3810 lib.
409 3753 435 3808 X
456 3772 525 3811 uero
547 3751 808 3823 interpretationem
827 3749 905 3805 Petri
922 3748 1084 3807 Montaurei

66 3835 291 3908 (bibliothecarii
304 3834 514 3891 Aurelianensis
528 3836 633 3906 tltll,
649 3833 684 3892 de
700 3830 781 3894 ouius
796 3832 1098 3895 studiislluolidinnre
