2414 4236
324 454 506 505 APPENDIX
525 453 762 505 εοΗοιιοουιι
780 455 829 506 111.
1020 452 1084 516 713

68 592 130 663 ἐὰν
149 591 214 661 ἀπὸ
231 596 328 664 τούξ
345 593 491 681 ἀφαιρῇς
508 617 592 680 προς
612 592 674 660 550
694 591 801 679 ἤγουν
819 590 858 660 τὸ
875 592 1085 680 τριπλάσιον,

68 703 299 768 καταλείπεται
323 697 336 767 ἱ
365 699 429 767 δύο
453 697 537 786 πρὸς
559 704 635 786 τρία
657 696 886 786 ὑποημιόλιος.

140 803 158 874 5
188 808 221 888 ἐξ
247 803 457 893 ἀφαιρέσεως
485 808 546 874 τοῦ
575 809 755 873 διπλασίου
781 805 976 890 τριπλάσιος
1002 804 1087 892 πρὸς

69 911 132 981 τὸν
156 913 321 980 ἐλάσσονα
341 909 359 980 5
377 913 658 999 καταλειπόμενος
674 909 905 997 ὑποημιόλιος,
930 908 947 979 5
963 917 984 997 β
1002 912 1088 997 πρὸς

72 1020 133 1087 ἕνα
157 1019 347 1104 διπλάσιος,
370 1016 431 1085 ἐὰν
453 1016 631 1106 ἀφέλωμεν
654 1015 720 1085 ἀπὸ
743 1021 806 1085 τοῦ
829 1015 906 1098 ἑνὸς
927 1017 988 1086 τὸν
1011 1026 1086 1104 τρία
1124 1041 1142 1090 5

72 1122 156 1211 πρὸς
174 1125 234 1192 ἕνα
252 1123 462 1212 τριπλάσιον,
480 1129 709 1192 καταλείπεται
727 1122 792 1192 δύο
812 1121 895 1211 πρὸς
912 1129 988 1209 τρία
1006 1121 1087 1192 ὑπο-

72 1230 234 1319 ημιόλιος.

142 1336 197 1407 ὅτε
221 1340 256 1406 οί
277 1349 364 1424 τρεῖς
388 1335 463 1424 ὅροι
491 1335 554 1406 οὐκ
582 1338 669 1406 εἰσὶν
697 1339 734 1405 ἐν
758 1339 799 1425 τῇ
821 1334 997 1421 ταυτότητι
1020 1337 1089 1403 τῶν

73 1444 185 1531 λόγων
213 1449 272 1529 τῆς
299 1441 497 1529 ἀναλογίας,
528 1442 603 1511 τότε
636 1442 677 1510 οὐ
710 1443 852 1530 λέγομεν
883 1441 922 1511 τὸ
953 1446 1089 1529 πρῶτον

73 1549 190 1618 καὶτὸ
213 1553 328 1636 τρίτον
352 1553 552 1618 διπλασίονα
580 1548 685 1634 λόγον
711 1554 800 1636 ἔχειν
827 1550 912 1636 ἥπερ
939 1547 1023 1635 πρὸς
1052 1545 1088 1615 τὸ
1109 1571 1143 1621 10

74 1658 244 1744 δεύτερον.
349 1672 354 1681 ”

142 1768 292 1832 ἔστωσαν
306 1761 371 1849 γάρ
390 1758 533 1850 ἀριθμοὶ
551 1765 587 1830 οἱ
603 1788 634 1847 α,
648 1767 681 1846 β,
696 1789 727 1848 γ,
749 1760 806 1829 καὶ
825 1757 843 1829 5
864 1761 927 1848 μὲν
940 1758 1006 1829 ὑπὸ
1022 1787 1053 1845 α,
1068 1765 1089 1845 β

74 1874 159 1938 ἔστω
183 1865 202 1936 5
227 1872 263 1952 5,
287 1865 306 1935 5
333 1866 371 1935 55
392 1865 459 1936 ὑπὸ
480 1873 552 1954 β,γ
575 1865 638 1954 ὁε,
663 1865 682 1936 5
706 1866 744 1935 55
766 1866 832 1936 ὑπὸ
857 1865 1011 1954 α,γὸζ,
1034 1868 1091 1934 καὶ

76 1973 95 2041 5
118 1973 180 2059 μὲν
199 1997 220 2038 α
242 1969 303 2039 τὸν
321 1997 338 2039 ε
360 1973 654 2065 πολλαπλασιάσας
675 1972 776 2060 τὸνη
800 1980 946 2059 ποιείτω,
970 1971 988 2041 5
1013 1973 1050 2041 δὲ
1069 1980 1090 2058 β

74 2078 137 2147 τὸν
153 2083 170 2159 ζ
184 2075 480 2158 πολλαπλασιάσας
497 2077 598 2146 τὸνθ
616 2085 761 2164 ποιείτω,
779 2080 836 2148 καὶ
854 2085 903 2149 ἔτι
923 2077 940 2147 5
955 2107 976 2166 γ
993 2079 1055 2149 τὸν
1070 2084 1090 2147 5
1111 2101 1145 2150 ισ

75 2180 371 2262 πολλαπλασιάσας
391 2180 453 2250 τὸν
476 2209 496 2250 ιι
518 2192 662 2253 ποιείτω.
707 2187 810 2272 λέγω,
837 2183 888 2255 ὅτι
913 2194 982 2255 ίσοι
1005 2187 1090 2254 είσὶυ

77 2296 112 2361 οί
128 2318 161 2378 η,
175 2300 213 2376 θ,
226 2316 247 2357 ιι
265 2286 418 2375 ἀριθμοί.
448 2289 518 2358 ἐπεὶ
531 2288 597 2377 γάρ
617 2287 635 2358 5
650 2318 671 2358 α
684 2289 745 2359 τὸν
759 2297 780 2378 β
800 2293 1092 2374 πολλαπλασιάσας

76 2397 138 2468 τὸν
158 2401 179 2465 5
201 2400 393 2481 πεποίηκεν,
415 2398 477 2465 τὸν
500 2395 538 2464 δὲ
560 2423 582 2482 γ
604 2399 898 2479 πολλαπλασιάσας
920 2397 981 2468 τὸν
1001 2406 1017 2482 ζ
1038 2425 1091 2468 πε-

370 2508 521 2589 ποίηκεν,
544 2507 634 2572 ἔστιν
653 2503 732 2592 ἀρα,
753 2501 798 2586 ὥς
813 2501 831 2573 5
845 2511 868 2590 β
881 2503 965 2592 πρὸς
982 2503 1042 2573 τὸν
1055 2532 1092 2591 y,

205 2629 210 2735 ρ
327 2625 335 2783 ρ
371 2606 553 2689 οὕτωςὸδ
574 2607 659 2696 πρὸς
675 2607 774 2692 τὸνξ
811 2608 919 2697 ὁάρα
937 2607 1004 2679 ὑπὸ
1018 2617 1050 2697 β,
1066 2618 1091 2694 ζ,
1111 2632 1147 2684 20

90 2660 322 2788 &DQ
369 2717 541 2783 τουτέστιν
565 2712 583 2784 5
602 2724 640 2803 θ,
664 2724 737 2795 ίσος
757 2717 826 2785 ἐστὶ
848 2721 894 2810 τῷ
919 2714 986 2785 ὑπὸ
1009 2745 1041 2804 γ,
1061 2722 1094 2802 5,

368 2821 519 2890 τουτέστι
548 2825 594 2915 τῷ
622 2848 651 2890 ιι.
700 2822 802 2890 πάλιν
834 2824 905 2891 ἐπεί
932 2822 950 2892 5
980 2851 1002 2911 γ
1032 2823 1093 2893 τὸν

202 2908 225 3015 λζ
370 2929 432 3014 μὲν
447 2955 467 2996 α
483 2928 777 3011 πολλαπλασιάσας
794 2928 854 3000 τὸν
870 2936 887 3012 ζ
902 2936 1094 3017 πεποίηκεν,

370 3032 432 3103 τὸν
463 3033 502 3102 55
529 3039 551 3120 β
582 3035 876 3116 πολλαπλασιάσας
904 3039 965 3105 τὸν
993 3062 1009 3104 ε
1039 3061 1093 3106 πε-

156 3114 181 3203 λη
201 3115 232 3205 λθ
252 3114 276 3204 λ”
372 3146 500 3227 ποίηκε,
519 3145 610 3209 ἔστιν
633 3139 711 3228 ἀρα,
733 3139 779 3222 ὥς
802 3139 820 3210 5
841 3168 862 3209 α
880 3141 963 3227 πρὸς
980 3142 1042 3212 τὸν
1060 3149 1094 3231 β,
1113 3164 1147 3214 νο

78 3247 188 3328 οὕτως
207 3244 225 3314 5
246 3251 263 3327 ζ
278 3247 363 3332 πρὸς
379 3246 441 3316 τὸν
460 3274 485 3317 ε.
521 3244 625 3333 ὁάρα
648 3245 713 3316 ὑπὸ
734 3275 766 3333 α,
781 3274 808 3333 ε,
830 3250 1002 3317 τουτέστιν
1023 3246 1041 3317 5
1061 3276 1094 3336 η,

78 3360 152 3434 ἴσος
171 3353 241 3422 ἐστὶ
259 3357 304 3445 τῷ
323 3351 389 3422 ὑπὸ
403 3359 437 3440 β,
452 3360 479 3440 ζ,
501 3354 651 3423 τουτέστι
673 3359 719 3447 τῷ
740 3363 775 3423 θ.
821 3358 856 3423 οἱ
882 3353 948 3442 άρα
965 3339 1054 3442 η,’θ,
1074 3382 1095 3423 α

78 3456 223 3546 ἀριθμοὶ
246 3465 315 3526 ίσοι
338 3455 495 3545 ἀλλήλοις
517 3463 616 3528 εἰσίν·
645 3456 726 3547 ὅπερ
750 3464 819 3528 ἔδει
842 3463 956 3543 δεῖξαι.

152 3586 178 3636 4.
196 3577 282 3655 ἀπα]
303 3580 335 3635 in
352 3599 406 3637 m.
493 3586 536 3638 19.
555 3580 604 3639 διά
622 3579 655 3638 τὸ
673 3582 711 3650 ιζ’
730 3584 781 3640 τοῦ
801 3582 826 3651 ζ’
845 3601 902 3654 mg.
982 3590 1026 3640 22.
1046 3580 1096 3639 διὰ

79 3649 112 3709 τὸ
133 3649 179 3708 ιθ’
199 3655 251 3709 τοῦ
271 3650 297 3720 ζ’
316 3651 366 3707 καί
386 3649 418 3708 λιι
437 3656 617 3725 κατασκευῆς
634 3672 662 3708 m
685 3697 692 3711 .
764 3660 808 3712 25.
827 3654 876 3710 σιά
895 3651 927 3711 τὸ
942 3654 980 3723 ιζ’
999 3657 1050 3711 τοῦ
1069 3652 1094 3723 ζ’

132 3767 138 3779 .
230 3730 273 3780 ἳῖ.
293 3721 393 3779 διὰτὸ
412 3721 458 3778 15¹
478 3724 529 3779 τοῦ
550 3723 575 3792 ζ’
595 3725 645 3780 καλ
664 3670 698 3782 ἀι
716 3726 895 3797 κατασκευῆς
912 3744 970 3797 mg.
1051 3733 1095 3783 28.

80 3798 131 3852 δια
150 3793 201 3852 τὸν
220 3790 288 3865 ὅρον
306 3795 357 3851 τοῦ
376 3794 407 3849 α’
427 3813 484 3866 mg.

77 2559 334 2641 “53⁸⁷
