2414 4236
148 510 213 574 160
298 510 456 564 scnom
472 512 512 563 m
529 510 805 564 mmmm
821 510 961 565 mauu
972 510 997 563 1.

38 732 46 747 ,Ι
147 656 299 739 πληροῦν
322 650 509 738 μελλούσας
530 649 569 720 τὸ
591 657 759 739 τρίγωνον
784 649 844 731 τάς
870 648 935 721 δύο
960 652 1022 739 τής
1042 652 1166 737 λοιπῆς

46 748 49 753 ’
147 765 277 845 μείζους
306 755 394 827 εἶναι
419 757 528 847 πάντη
555 758 901 845 μεταλαμβανομένας.
944 754 1071 838 παντὸς
1096 754 1165 844 γάρ

146 864 314 951 τριγώνου
337 868 376 932 αί
396 863 459 932 δύο
482 864 624 951 πλευραὶ
646 869 779 951 μείζους
800 864 865 933 είσλ
887 866 948 950 τής
963 866 1096 950 λοιπῆς,
1118 860 1166 943 ῶς

150 972 329 1055 δέδεικται,
357 969 439 1039 κατὰ
461 980 573 1038 πᾶσαν
596 971 797 1057 μετάληψιν,
822 969 880 1038 καὶ
902 967 960 1038 διὰ
981 972 1085 1038 τοῦτο
1107 968 1166 1037 ιιαλ

114 1073 238 1167 ςαύτῷ
261 1081 361 1145 τοῦτο
385 1077 609 1164 προσέθηκεν*
639 1080 671 1144 εί
691 1074 757 1161 γὰρ
782 1074 826 1162 μή
849 1078 937 1143 είσιν
958 1075 998 1141 αί
1018 1074 1083 1143 δύο
1105 1076 1167 1161 τῆς

149 1187 266 1269 λοιπῆς
284 1174 425 1270 μείζους,
445 1181 508 1251 ούπ
526 1186 617 1249 ἔσται
630 1187 798 1267 τρίγωνον
811 1184 847 1250 έκ
860 1190 929 1251 τῶν
942 1186 1028 1249 ίσῶν
1045 1174 1166 1260 οιύτατς

148 1288 304 1358 εὐθειῶν.
331 1293 401 1357 ἔστι
420 1288 458 1357 δὲ
475 1286 513 1355 τὸ
531 1286 708 1375 πρόβλημα
722 1292 822 1358 τοῦτο
836 1292 905 1357 τῶν
922 1286 1165 1373 διωρισμένων,

148 1505 187 1569 τὰ
213 1503 275 1589 μέν
298 1504 367 1570 ἐστι
391 1503 610 1588 διωρισμένα,
640 1499 681 1569 τὰ
709 1500 747 1569 δέ
774 1500 966 1587 άδιόριστιτ,
995 1496 1087 1567 οὕτω
1108 1496 1166 1565 ιιαλ

98 1635 130 1683 ιο
150 1609 203 1677 ἐπὶ
226 1612 294 1676 τῶν
316 1607 569 1695 προβλημάτων.
616 1606 676 1675 ἐὰν
703 1606 765 1694 μλν
793 1604 857 1692 γάρ
885 1614 1030 1693 είποιμεν
1052 1602 1167 1685 ἁπλῶς

151 1713 269 1793 οὕτως·
294 1714 329 1781 ἐκ
347 1717 451 1796 τριῶν
470 1713 615 1781 εὐθειῶν
633 1723 718 1782 ίσων
736 1727 808 1793 ταῖς
827 1717 1000 1793 δοθείσαις
1013 1710 1167 1791 εὐθείαις

152 1820 386 1905 συστήσασθαι
400 1824 578 1904 τρίγωνον,
597 1816 792 1907 άδιόριστον
805 1819 861 1887 καί
876 1815 1048 1888 άδύνατύν
1061 1820 1166 1887 ἐστιν·

152 1926 211 1995 ἐὰν
231 1925 268 1992 δέ
286 1928 503 2009 προσθῶμεν·
534 1916 583 1991 ῶν
602 1928 640 1992 αί
656 1924 719 1993 δύο
738 1931 870 2012 μείζους
888 1925 952 1993 είσὶ
969 1935 1030 2011 τῆς
1048 1927 1169 2011 λοιπῆς

152 2031 258 2118 πάντη
278 2029 620 2117 μεταλαμβανόμεναι,
645 2032 867 2117 διωρισμένον
886 2056 921 2097 τε
943 2030 999 2097 καὶ
1018 2028 1168 2098 δυνατὸν

101 2164 133 2211 15
152 2143 292 2225 γίνεται·
316 2136 370 2202 καὶ
390 2132 472 2221 πρὸς
489 2133 552 2221 τήν
570 2134 778 2221 κατασκευήν
798 2135 835 2203 δέ
853 2139 914 2202 τοῦ
933 2134 1169 2222 προβλήματος

152 2243 275 2312 τούτου
298 2241 357 2321 τὰς
380 2243 567 2328 φερομένας
591 2240 762 2321 ἐνστάσεις
784 2240 914 2309 διαλύει
938 2238 959 2326 ή
987 2240 1167 2327 προσθήκη

153 2349 235 2437 αὕτη
260 2349 297 2418 τὸ
320 2348 379 2428 τὰς
398 2347 461 2415 δύο
480 2355 609 2434 μείζους
629 2345 715 2415 εἶναι
733 2352 792 2433 τής
810 2351 928 2434 λοιπής
945 2346 1054 2434 πάντη
1075 2373 1168 2433 μετα·

152 2457 418 2543 λαμβανομένας,
441 2452 548 2539 ήγουν
573 2451 690 2532 ὁποίας
713 2449 757 2521 άν
781 2453 887 2541 λάβης
912 2456 946 2522 ἐκ
969 2456 1037 2520 τῶν
1062 2456 1168 2537 τριῶν

154 2562 232 2637 δύο,
265 2566 324 2645 τῆς
352 2564 470 2645 λοιπῆς
492 2562 638 2646 μείζονές
661 2565 761 2627 εἰσιν·
801 2565 902 2628 τοῦτο
926 2557 991 2646 γάρ
1020 2563 1123 2645 δηλοῖ
1147 2558 1168 2645 ή

102 2696 136 2741 20
155 2666 368 2751 πανταχόθεν
396 2665 586 2751 μετάληψις.
636 2671 667 2733 εί
693 2666 757 2753 γὰρ
786 2666 830 2753 μή
859 2671 923 2733 είσι
951 2671 1114 2752 μείζονες,
1147 2661 1168 2751 ή

155 2782 224 2838 ἴσαι
253 2772 338 2838 είσλν
367 2773 400 2851 έξ
426 2768 574 2856 άνάγκης
602 2766 621 2857 ή
651 2770 832 2851 ἐλάττονες.
877 2772 931 2838 καὶ
960 2776 991 2837 εί
1012 2771 1075 2857 μὲν
1099 2781 1168 2839 ἴσαι

155 2883 230 2963 είσί,
249 2883 415 2963 τρίγωνον
431 2874 472 2944 ού
487 2881 702 2945 συνιστῶσιν·
726 2884 906 2964 τηνικαῦτα
921 2877 984 2963 γὰρ
1001 2880 1036 2944 οί
1051 2877 1169 2946 κύκλοι

156 2983 198 3052 ού
212 2986 392 3070 τέμνουσιν
407 2980 581 3069 ἀλλήλους,
599 2981 683 3051 ἀλλὰ
700 2983 806 3071 μόνον
824 2987 1037 3070 ἐφάπτονται,
1058 2984 1169 3067 ῶσπερ

156 3093 299 3159 ἐπὶτῶν
323 3091 563 3176 ἐκτεθειμένων
586 3090 718 3158 κύκλων
741 3089 761 3176 ή
785 3091 847 3177 μὲν
868 3100 900 3157 Δ
907 3099 933 3158 Ζ
957 3098 1012 3175 ἴση
1036 3090 1106 3157 ἐστὶ
1130 3094 1169 3179 τή

102 3223 135 3270 25
157 3206 235 3279 ΖΕ,
263 3194 283 3283 ἡ
309 3196 345 3263 δὲ
369 3203 437 3263 ΗΘ
465 3206 519 3282 ίση
543 3200 582 3285 πή
607 3204 685 3263 HE.
731 3194 815 3265 ῶστε
846 3201 907 3265 δύο
937 3200 974 3263 αλ
997 3203 1078 3280 ΔΖ,
1103 3203 1170 3264 ΗΘ

156 3308 215 3392 μιᾷ
238 3306 278 3391 τη
299 3309 369 3369 ΖΗ
389 3309 458 3368 ίσαι
482 3306 558 3369 είσί·
592 3301 648 3368 διά
672 3301 710 3369 δέ
732 3301 769 3370 τὸ
789 3306 833 3390 μή
853 3305 987 3388 τέμνειν
1004 3299 1172 3388 ἀλλήλους

156 3410 234 3488 τοὺς
252 3408 395 3486 κύκλους
414 3406 495 3475 οὐδέ
514 3414 680 3494 τρίγωνον
699 3410 849 3492 συνέστη.
886 3408 987 3475 πάλιν
1006 3405 1067 3476 ἐὰν
1087 3400 1173 3476 ῶσιν

229 3644 252 3691 5.
273 3632 362 3710 αύτῷ]
382 3633 471 3692 αύτόλ
547 3642 573 3694 8,
593 3634 757 3706 άδιύριοτον
778 3639 811 3695 V.
889 3644 914 3693 θ.
933 3633 1097 3710 άδιάριστα]
1118 3639 1176 3709 Ρη,

157 3704 276 3778 άόριοτα
303 3708 333 3761 V.
424 3715 466 3763 θλ.
490 3709 622 3778 Figuram
645 3711 675 3763 in
699 3710 779 3764 codd.
800 3710 929 3764 omissam
953 3710 1040 3763 habet
1060 3710 1179 3766 Proelus

157 3798 183 3849 p.
203 3786 263 3833 3³1.
337 3786 380 3835 26.
400 3781 466 3849 μιᾶς
484 3781 533 3848 τής
552 3780 607 3849 Vq.
680 3787 722 3835 27.
743 3777 962 3834 οίκύκλοιν.
1036 3780 1179 3837 Ultimum

149 3854 263 3920 partem
282 3850 384 3905 scholii
403 3850 470 3905 inde
488 3868 506 3905 a
522 3848 608 3905 πάλιν
628 3851 675 3906 lin.
695 3857 729 3906 27
749 3870 802 3905 om.
824 3850 856 3917 V,
875 3798 1004 3918 haquq.
