2414 4236
218 469 375 522 SCHOLIA
392 471 431 522 IN
449 470 725 523 ELEMENTORUM
743 424 882 523 LIBRUM
896 471 928 525 V.
1015 466 1081 533 315

132 614 183 680 84.
223 615 336 677 Ταῦτα
359 615 494 697 ἔχουσιν
518 609 715 696 ἀναλογίαν,
739 611 803 678 είσλ
827 609 865 678 δὲ
882 610 937 677 καὶ
956 617 1079 678 πολλα·

63 714 188 785 πλάσια
599 797 617 804 -
643 795 662 805 -

482 809 670 892 &fida

62 915 168 981 ταῦτα
187 908 372 998 ἀναλογίαν
390 913 452 999 μὲν
469 917 616 999 ἔχουσιν,
635 908 698 979 οὐκ
712 912 776 979 είσὶ
791 910 829 979 δὲ
847 909 1079 978 πολλαπλάσια

480 1008 687 1104 ἥαὸν
1116 1042 1133 1091 ⁶

61 1126 131 1192 τῶν
149 1149 185 1192 τε
202 1130 461 1193 πολλαπλασίων
483 1125 539 1192 καὶ
562 1127 631 1192 τῶν
649 1124 833 1210 έπιμορίων
850 1122 906 1189 καλ
924 1126 993 1191 τῶν
1013 1123 1078 1191 ἐπι-

62 1234 176 1317 μερῶν
194 1230 414 1320 γενικώτερον
437 1230 502 1318 γάρ
521 1227 542 1316 ἡ
563 1228 738 1315 ἀναλογία,
763 1227 849 1297 διὸτι
872 1230 1014 1317 περιέχει
1037 1229 1079 1298 τά

61 1362 97 1404 τε
115 1339 345 1406 πολλαπλάσια
364 1333 478 1404 καὶτὰ
499 1336 653 1423 έπιμόρια
670 1335 726 1402 καί
745 1332 785 1402 τὰ
805 1337 956 1423 ἐπιμερη·
981 1334 1026 1427 τά,
1042 1335 1079 1404 δὲ

63 1447 294 1511 πολλαπλάσια
318 1440 379 1530 οὐχ
402 1440 544 1528 ἥκουσιν
568 1445 616 1521 είς
638 1440 794 1528 ἐπιμόρια
817 1441 872 1508 καί
896 1443 1042 1532 έπιμερῆ.

130 1552 182 1619 85.
215 1551 363 1637 Σχίλιον
382 1551 461 1617 νέον
475 1552 524 1627 είς
536 1545 576 1616 τὰ
595 1544 675 1633 μετά
693 1545 731 1615 τὸ
752 1537 818 1615 ιθθ*
836 1546 997 1636 θεώρημα
1015 1552 1077 1617 τοῦ
1097 1571 1131 1623 10

61 1658 94 1727 5⁸
119 1661 285 1743 στοιχείου
307 1656 404 1743 μέχρι
426 1663 487 1723 τοῦ
510 1653 547 1722 52⁸
572 1653 730 1741 εἰρημένα
752 1656 798 1744 τῷ
821 1650 997 1743 Εὐκλείδῃ.

125 1761 316 1844 Ἀποδείξας
340 1759 358 1831 ὅ
382 1758 603 1848 γεωμετρικὸς
626 1760 663 1827 έν
685 1769 731 1850 τῷ
754 1758 896 1848 παρόντι
916 1760 968 1828 ιθ’
992 1769 1077 1830 θεω-

62 1868 194 1955 ρήματι,
218 1866 280 1954 ὅτι,
304 1866 365 1935 έάν
387 1859 408 1955 ᾖ
433 1864 479 1946 ὡς
497 1864 578 1934 ὅλον
596 1864 634 1935 τὸ
653 1872 719 1934 ΑΒ
742 1865 826 1953 πρὸς
844 1863 927 1934 ὅλον
945 1865 983 1935 τὸ
1006 1872 1077 1951 ΓΔ,

61 1972 169 2053 οὕτως
192 1970 379 2062 ἀφαιρεθὲν
397 1972 436 2042 τὸ
456 1980 526 2041 ΑΕ
546 1971 630 2060 πρὸς
648 1969 835 2061 ἀφαιρεθὲν
855 1971 894 2041 τὸ
913 1977 985 2059 ΓΖ,
1008 1979 1078 2042 ἔστι

62 2080 118 2146 καὶ
141 2077 260 2147 λοιπὸν
282 2077 320 2146 τὸ
343 2085 407 2146 ΕΒ
434 2078 517 2165 πρὸς
544 2076 664 2147 λοιπὸν
692 2076 730 2148 τὸ
755 2085 824 2146 ΖΛ
856 2076 902 2159 ὡς
929 2076 1010 2147 ὅλον
1038 2079 1076 2149 τὸ
1097 2102 1130 2153 1⁶

63 2190 129 2252 AB
152 2182 236 2273 πρὸς
259 2181 340 2251 ὅλον
362 2181 400 2251 τὸ
424 2190 500 2271 ΓΔ,
528 2190 639 2253 ἔπειτα
664 2184 847 2272 λαμβάνων
870 2182 952 2253 αὐτὸ
975 2190 1075 2255 τοῦτο

61 2288 99 2359 τδ
118 2288 324 2378 ἀποδειχθὲν
342 2286 458 2374 οὕτως,
477 2288 522 2372 ὦς
540 2289 735 2378 ἀπεδείχθη,
753 2290 808 2358 καλ
828 2289 978 2377 ἐναλλάξ,
1001 2291 1076 2378 ἤτοι

62 2394 108 2477 ἀς
129 2394 167 2465 τὸ
190 2404 257 2464 ΑΒ
284 2394 368 2486 πρὸς
391 2394 429 2465 τὸ
453 2405 534 2483 ΒΕ,
561 2395 649 2466 οὸτω
676 2397 714 2466 τὸ
739 2402 801 2464 ΓΛ
828 2393 912 2484 πρὸς
935 2395 972 2464 τδ
996 2403 1075 2465 ΔΖ·

61 2505 125 2572 είσλ
148 2502 213 2591 γάρ
241 2502 424 2572 καὶταῦτα
447 2500 633 2591 ἀνάλογον,
661 2501 706 2584 ὡς
733 2499 883 2584 ἀπέδειξε
910 2505 1009 2570 τοῦτο
1038 2505 1075 2571 έν

59 2613 105 2703 τῷ
129 2615 196 2697 23⁰³,
225 2607 292 2695 ὅτι,
320 2608 380 2678 ἐὰν
404 2602 426 2678 δ
448 2611 574 2698 μεγέθη
598 2608 768 2697 ἀνάλογον
791 2601 829 2698 ᾖ,
856 2609 911 2677 καὶ
935 2607 1076 2691 ἐναλλάξ
1095 2632 1129 2681 20

59 2713 232 2802 ἀνάλογόν
256 2717 362 2784 ἐστιν·
399 2718 464 2785 είσλ
488 2716 526 2785 δὲ
548 2717 605 2784 καὶ
628 2718 778 2786 ἐνταῦθα
803 2707 826 2783 δ
848 2715 973 2803 μεγέθη
998 2710 1075 2782 ἀνά-

63 2830 167 2908 λογον
189 2821 228 2890 τό
251 2847 286 2890 τε
310 2830 376 2890 ΑΒ
403 2823 488 2909 πρὸς
509 2822 547 2892 τὸ
572 2829 634 2891 ΓΛ
663 2823 718 2891 καλ
742 2827 805 2891 ΕΒ
827 2820 910 2912 πρὸς
932 2821 970 2888 τὸ
996 2827 1076 2888 ΖΛ·

61 2927 117 2995 καλ
136 2928 296 3016 φανερόν,
320 2929 372 2998 ὅτι
389 2931 446 2998 καλ
466 2929 606 3013 ἐναλλάξ
620 2927 791 3016 ἀνάλογόν
805 2933 900 2997 είσιν.
929 2923 1076 3013 εὑρίσκει

62 3033 100 3102 δὲ
131 3034 186 3101 καλ
218 3034 300 3105 αὐτὸ
333 3035 371 3106 τὸ
401 3037 543 3119 ἐναλλάξ
571 3040 720 3106 ἐνταῦθα
753 3039 941 3121 συμπίπτον
974 3034 1074 3125 ἑτέρῳ

60 3137 161 3231 λόγῳ,
181 3136 223 3209 ὅν
237 3139 393 3229 ὀνομάζει
408 3139 510 3223 αὐτὸς
525 3149 725 3230 συγκείμενα
738 3140 878 3228 μεγέθη·
901 3147 993 3225 είπερ
1009 3137 1075 3225 γάρ
1094 3162 1129 3213 25

59 3244 114 3311 καί
146 3244 230 3312 κατὰ
263 3247 427 3316 σύνθεσιν
459 3252 564 3316 ταῦτα
600 3247 641 3316 τά
674 3249 800 3335 μεγέθη
838 3251 1074 3333 σνγκρίνομεν,

59 3347 166 3430 οὕτως
190 3346 234 3419 ἀν
257 3359 495 3441 σνγκρίνοιμεν
518 3351 615 3440 αὐτά,
638 3352 750 3438 ὅσπερ
773 3362 839 3421 νῦν
863 3348 920 3418 διά
942 3354 1003 3419 τοί
1023 3352 1075 3419 έν-

58 3454 162 3537 αλλάξ
184 3455 248 3543 την
272 3458 448 3544 σύγκρισιν
476 3458 590 3529 αὐτῶν
617 3471 794 3546 ποιοῦμεν·
830 3457 971 3544 λέγομεν
997 3456 1073 3544 γάρ,

59 3558 105 3641 ἀς
123 3561 161 3629 τὸ
176 3571 242 3630 ΑΒ
266 3563 349 3649 πρὸς
366 3563 404 3633 τὸ
418 3573 494 3651 ΒΕ,
517 3563 601 3652 ὅπερ
621 3566 659 3633 έν
676 3565 737 3651 μὲν
755 3567 802 3655 τῷ
822 3564 964 3645 ἐναλλάξ
983 3565 1074 3631 ἐστιν

132 3812 174 3863 84.
197 3811 220 3864 A
240 3809 349 3881 (eodem
364 3811 494 3882 pertinet,
510 3829 565 3884 quo
579 3830 620 3869 nr.
631 3813 757 3883 82-88).
813 3815 859 3869 ⁸5.
874 3811 1081 3880 kssokxwux.
