2414 4236
143 506 185 571 78
298 508 455 562 sellom
471 509 512 562 m
528 508 804 562 mmmm
820 509 996 565 LIBRUM

142 647 304 735 κινήσεως
332 647 371 717 τὸ
399 645 490 729 εἶδος
522 647 599 718 οὔτε
630 647 788 737 μεριστόν
820 650 912 718 ἐστιν
943 649 1056 737 μόνως
1079 647 1156 719 οὔτε

142 751 275 842 ἀμερές·
308 752 385 823 ούτε
407 754 473 843 γάρ
496 750 541 823 άν
562 753 642 835 τοὺς
663 754 809 836 πολλοὺς
829 754 956 836 τύπους
969 751 1155 843 ἵὑπεδέχετο

141 858 220 940 τούς
243 861 419 949 δευτέρους
440 863 509 929 τῶν
532 860 675 948 κράτων
698 859 861 949 άμυδρῶν
882 858 1002 930 ὅντων.
1038 864 1155 949 διττὴν

143 957 207 1034 οὖν
235 971 356 1053 ἔχουσα
386 966 533 1054 δύναμιν
560 964 598 1035 τὸ
622 980 762 1055 σημεῖον
784 969 823 1037 έν
843 970 891 1058 τῷ
914 963 1033 1056 άμερεῑ
1053 965 1157 1054 αὐτῆς

107 1068 346 1158 σύποδέχεται.

208 1178 350 1266 Γραμμὴ
376 1178 414 1247 δὲ
436 1183 542 1265 μῆκος
565 1175 715 1259 ἀπλατές.
832 1222 836 1229 ·

210 1286 369 1373 δευτέραν
385 1290 451 1373 ἔχει
464 1284 559 1366 τάξιν
572 1282 594 1372 ἡ
608 1284 754 1372 γραμμή,
772 1281 852 1353 καθ’
868 1281 953 1355 ὅσον
965 1282 1004 1356 τὸ
1020 1288 1156 1375 πρῶτον

142 1396 208 1477 ἔχει
241 1390 407 1478 διάστημα
435 1390 491 1458 καί
524 1388 771 1478 ἁπλούστατον,
803 1387 885 1480 ὅπερ
917 1389 936 1459 ὃ
967 1392 1155 1480 γεωμέτρης

142 1501 246 1583 μῆκος
260 1495 416 1565 ἐκάλεσεν
431 1496 593 1582 προσθεὶς
604 1496 643 1565 τὸ
657 1494 809 1582 άπλατές,
823 1493 937 1583 ἐπειδὴ
951 1497 1008 1566 καί
1020 1497 1155 1585 γραμμὴ

91 1629 124 1678 10
142 1601 225 1689 πρὸς
246 1602 310 1689 τὴν
333 1602 532 1691 ἐπιφάνειαν
555 1603 660 1691 ἀρχῆς
682 1604 789 1692 ἐπέχει
812 1602 930 1690 λόγον·
958 1601 1013 1672 διὸ
1036 1603 1075 1674 τὸ
1093 1603 1156 1692 μὲν

145 1725 284 1798 σημεῖον
306 1709 522 1797 άποφατικως
543 1711 655 1798 μόνως
674 1711 837 1796 ἐδίδαξεν,
860 1707 923 1797 τὴν
942 1709 980 1778 δὲ
998 1709 1156 1798 γραμμὴν

140 1819 197 1915 καί
221 1815 436 1902 άποφατικτός
458 1817 514 1884 καλ
532 1818 771 1902 καταφατικῶς.
806 1814 954 1903 άκλαιὴς
972 1815 1011 1885 δὲ
1025 1813 1071 1897 ὡς
1087 1820 1156 1885 τῶν

143 1923 256 1990 άλλων
274 1922 514 2010 καθαρεύουσα
533 1921 781 2010 διαστημάτων·
803 1931 870 1990 πᾶν
884 1920 949 2010 γὰρ
962 1920 1001 1990 τὸ
1015 1918 1157 2001 άπλατὲς

143 2029 198 2095 καὶ
231 2025 357 2113 άβαθές
389 2031 492 2097 ἐστιν·
533 2027 649 2113 διόπερ
683 2025 725 2095 ού
757 2029 984 2116 προσέθηκεν,
1018 2028 1067 2097 ὅτι
1099 2029 1156 2096 καὶ

92 2158 125 2207 1ο
144 2120 279 2219 άβαδές.
325 2130 398 2201 ἀλλ’
425 2126 525 2214 οὗτος
546 2133 609 2221 μὲν
632 2130 650 2202 ὁ
675 2132 755 2219 ὅρος
776 2135 914 2219 τέλειος,
945 2132 964 2201 ὁ
994 2132 1032 2202 δὲ
1054 2133 1155 2219 ῥύσιν

143 2239 247 2308 είπώυ
271 2246 410 2328 σημείου
436 2240 499 2328 τὴν
527 2239 684 2327 γραμμὴν
713 2246 820 2309 ἔοικεν
849 2239 914 2308 άπὸ
941 2245 1000 2328 τῆς
1018 2233 1157 2327 ’γενικῆς

142 2352 249 2427 αἰτίας
271 2345 378 2434 αὐτὴν
400 2346 565 2434 παράγειν
587 2347 642 2414 καὶ
667 2343 709 2415 ού
731 2357 842 2415 πᾶσαν
870 2345 1042 2434 γραμμήν,
1070 2345 1156 2414 ἀλλὰ

141 2453 203 2540 τὴν
231 2452 349 2523 άυλον·
388 2454 512 2540 ταύτην
539 2452 605 2542 γὰρ
628 2448 788 2539 ὑφίστησι
810 2452 849 2521 τὸ
875 2467 1016 2540 σημεῖον
1038 2449 1157 2540 ἀμερὲς

142 2558 192 2627 ὅν.
243 2557 328 2626 άλλὰ
357 2563 461 2627 ταῦτα
488 2558 551 2647 μὲν
580 2556 700 2644 οὕτως,
734 2563 769 2627 οί
795 2559 831 2627 δὲ
857 2559 1088 2645 Πυθαγόρειοι
1117 2558 1154 2628 τὸ

89 2689 124 2738 20
143 2665 204 2751 μὲν
232 2677 371 2749 σημεῖον
398 2662 569 2751 ἀνάλογον
597 2662 787 2751 ἐλάμβανον
814 2664 953 2753 μονάδι,
987 2665 1089 2733 δυάδι
1118 2667 1155 2733 δὲ

141 2767 202 2855 τὴν
225 2768 381 2857 γραμμὴν
404 2769 460 2836 καὶ
482 2770 592 2867 τριάδι
619 2768 657 2838 τὸ
686 2772 857 2857 ἐπίπεδον,
890 2771 1022 2856 τετράδι
1051 2771 1089 2840 δέ
1115 2771 1153 2840 τὸ

143 2879 246 2962 σῶμα.
289 2880 395 2942 καίτοι
416 2872 642 2962 Ἀριστοτέλης
664 2881 842 2964 τριαδικῶς
864 2879 1152 2964 προσεληλυθέναι

142 2981 225 3068 φησὶ
252 2980 289 3050 τὸ
324 2992 419 3069 σῶμα
451 2977 497 3061 ὡς
529 2981 694 3069 διάστημα
721 2987 854 3072 πρῶτον
882 2981 1063 3068 λαμβάνων
1092 2984 1155 3071 τὴν

143 3087 307 3176 καινήν·

88 3219 122 3269 25
208 3198 369 3282 Γραμμῆς
392 3194 430 3262 δὲ
452 3195 576 3283 πέρατα
599 3208 727 3282 σημεῖα.

208 3305 275 3370 πᾶν
298 3300 336 3370 τὸ
360 3301 528 3369 σύνθετον
550 3298 617 3368 άπὸ
640 3303 701 3369 τοῦ
724 3298 846 3387 ἁπλοῦ,
868 3301 925 3368 καὶ
948 3305 1017 3369 πᾶν
1039 3300 1077 3370 τὸ
1102 3327 1154 3388 με·

143 3406 257 3492 ριστὸν
281 3403 346 3476 άπὸ
368 3410 430 3475 τοῦ
453 3404 633 3495 άμερίστου
655 3409 868 3495 καταδέχεται
890 3406 951 3476 τὸν
975 3405 1074 3494 ὅρον,
1099 3409 1154 3474 καὶ

141 3515 270 3582 τούτων
298 3513 425 3594 εἰκόνες
450 3526 523 3593 ταῖς
549 3510 667 3600 άρχαίς
693 3519 924 3602 προτείνονται
952 3517 1019 3582 τῶν
1043 3523 1151 3599 μαθη-

143 3620 266 3706 μάτων.
317 3617 399 3687 ὅταν
429 3646 494 3707 γαρ
525 3617 590 3706 τὴν
622 3618 778 3707 γραμμὴν
810 3617 876 3688 ὑπὸ
907 3623 974 3688 τῶν
1005 3625 1153 3706 σημείων

141 3774 353 3782 ——0—

63 3866 111 3999 ἱ
207 3854 247 3904 19.
268 3846 454 3919 πνθαγύριοι.
