2414 4236
146 499 190 562 86
299 497 457 551 sonem
473 497 513 549 IN
531 495 808 550 mmmm
824 493 1001 547 Imm

145 640 201 707 καί
225 641 293 724 μὴν
315 638 371 705 καί
394 642 427 707 εί
448 637 586 725 ποιότης
607 636 716 725 μόνον
739 637 848 721 ἐστίν,
874 630 967 722 ὁςῆ
992 629 1162 721 θερμότης

146 745 201 812 καί
226 746 409 832 ψυχρότης,
435 749 507 824 πῶς
528 749 577 825 είς
604 753 661 812 ίσα
690 741 842 829 διαιρετή
869 743 975 829 έστινς
1009 743 1069 826 τῆς
1094 735 1160 824 γὰρ

147 849 323 937 ποιότητος
352 853 392 918 τὸ
426 859 503 919 ἴσον
533 851 589 918 καλ
621 849 745 919 ἄνισον
776 845 841 917 οὐκ
872 853 979 933 ἔστιν,
1009 842 1095 913 ἀλλὰ
1121 845 1160 911 τό

146 965 276 1044 μᾶλλον
298 957 355 1024 καλ
378 950 490 1044 ἧττον,
513 954 625 1043 ὥσπερ
647 959 707 1043 τῆς
727 952 914 1042 ποσότητος
933 953 973 1023 τδ
1001 961 1079 1021 ίσον
1104 949 1160 1017 καὶ

111 1060 276 1137 ςόίνισον.
329 1061 371 1132 οὐ
398 1065 533 1132 λεκτέον
560 1068 679 1131 τοίνυν
711 1070 789 1130 ίσον
818 1062 875 1130 καὶ
896 1060 1044 1144 Ιἄνισον,
1075 1055 1160 1126 du&

148 1173 277 1254 μᾶλλον
295 1174 423 1255 γωνίαν
437 1169 493 1237 καὶ
512 1160 613 1256 ἦττον
627 1173 769 1255 γωνίαν·
791 1173 900 1237 καίτοι
913 1172 1038 1254 γωνίας
1054 1169 1162 1253 γωνία

148 1273 189 1343 οὐ
213 1277 378 1363 διαφέρει·
414 1277 476 1343 τὸν
507 1278 573 1361 γὰρ
601 1272 707 1342 αὐτόν
733 1275 917 1361 ἐπιδέχεται
942 1277 1034 1342 πᾶσα
1055 1277 1161 1359 γωνία

147 1382 259 1467 λόγον.
307 1383 346 1449 τὸ
377 1380 422 1466 δὴ
447 1386 578 1467 τρίτον,
610 1383 642 1448 εί
671 1385 780 1460 κλίσις
806 1380 898 1449 ἐστίν
924 1377 946 1467 ἦ
974 1385 1081 1466 γωνία
1106 1380 1162 1445 καλ

148 1484 236 1568 όλως
262 1492 331 1555 τῶν
358 1485 443 1572 πρός
469 1513 515 1571 τι,
549 1483 752 1572 συμβήσεται
784 1490 863 1572 μιᾶς
891 1484 995 1572 οὔσης
1025 1488 1163 1563 κλίσεως

97 1618 130 1667 10
147 1599 230 1678 μίαν
253 1590 341 1661 εἶναι
364 1593 418 1659 καί
442 1596 581 1677 γωνίαν,
604 1588 678 1660 ἀλλ’
695 1589 738 1660 οὐ
755 1597 904 1672 πλείους·
926 1596 959 1660 εί
974 1590 1039 1678 γὰρ
1057 1590 1163 1678 μηδέν

149 1701 239 1767 ἐστιν
262 1697 345 1766 ἄλλο
369 1697 458 1784 παρὰ
480 1696 544 1783 τὴν
567 1699 682 1785 σχέσιν
704 1704 828 1784 γωνία,
855 1704 906 1778 τίς
926 1699 1059 1785 μηχανὴ
1082 1701 1162 1784 μίαν

148 1803 211 1889 μὲν
238 1800 326 1871 εἶναι
355 1803 485 1890 σχέσιν,
512 1810 649 1884 πλείους
675 1804 713 1872 δέ
739 1803 800 1884 τὰς
821 1809 960 1893 γωνίας,
993 1808 1026 1871 εί
1045 1809 1163 1872 τοίνυν

149 1908 304 1995 νοήσειας
326 1914 439 1979 κῶνον
461 1920 507 2002 τῷ
530 1909 587 1978 διὰ
609 1915 667 1995 τῆς
689 1915 842 1999 κορυφῆς
864 1909 941 1998 ἄχρι
958 1914 1018 1997 τῆς
1036 1909 1164 1995 βάσεως

149 2013 355 2100 τεμνόμενον
377 2016 540 2107 τριγώνῳ,
564 2023 644 2102 μίαν
666 2017 729 2102 μὲν
752 2017 939 2103 θεωρήσεις
962 2022 1073 2084 κλίσιν
1095 2019 1162 2083 τῶν

98 2148 131 2196 ις
149 2124 312 2206 γραμμῶν
334 2124 402 2189 τῶν
425 2125 582 2208 πλευρῶν
606 2125 667 2190 τοῦ
689 2123 868 2208 τριγώνου,
893 2122 956 2189 δύο
980 2122 1017 2190 δὲ
1040 2127 1164 2207 γωνίας

149 2226 211 2312 τήν
247 2253 282 2295 τε
317 2232 381 2296 τοῦ
415 2230 584 2316 τριγοόνου
618 2231 681 2315 τὴν
718 2229 956 2314 περιεχομένην
993 2227 1059 2296 ὑπὸ
1096 2232 1163 2294 τῶν

149 2336 319 2420 πλευρῶν,
353 2335 469 2420 ἑτέραν
499 2335 537 2402 δὲ
563 2333 625 2421 τὴν
656 2335 708 2402 έπλ
737 2338 797 2420 τῆς
826 2339 942 2421 μικτῆς
971 2337 1164 2420 ἐπιφανείας

149 2443 211 2506 τοῦ
233 2439 361 2526 κοίνου,
385 2442 625 2527 περιεχομένην
648 2439 680 2507 δ’
706 2441 865 2527 ἑκατέραν
888 2438 954 2508 ὑπὸ
978 2446 1046 2510 τῶν
1070 2445 1163 2508 δυεῖν

151 2549 324 2631 γραμμῶν.
358 2544 420 2613 οὐκ
438 2544 504 2632 ἄρα
524 2543 544 2631 ἡ
564 2545 696 2614 τούτων
710 2549 820 2632 σχέσις
835 2549 938 2614 ἐποίει
952 2546 1015 2634 τὴν
1027 2553 1164 2632 γωνίαν.

99 2677 134 2726 20
152 2647 235 2716 ἀλλὰ
260 2653 329 2735 μὴν
351 2646 535 2736 ἀναγκαῖον
556 2650 717 2736 ποιότητα
743 2654 852 2737 λέγειν
881 2650 986 2738 αὐτὴν
1014 2649 1164 2739 ἢποσδν

153 2750 174 2839 ἢ
198 2753 281 2840 πρός
303 2776 347 2821 τι·
376 2755 486 2822 πάντα
509 2759 573 2842 γὰρ
595 2759 635 2824 τὰ
660 2761 718 2843 τῆς
740 2765 941 2844 γεωμετρίας
963 2757 1165 2845 ὑποκείμενα

152 2857 219 2927 ὑπὸ
243 2865 325 2945 μίαν
346 2861 475 2929 τούτων
502 2859 673 2946 ἀνάγεται·
709 2861 749 2930 τὰ
777 2863 839 2949 μὲν
867 2862 932 2950 γὰρ
960 2867 1086 2951 μεγέθη
1110 2890 1165 2933 πο·

155 2964 293 3051 σότητός
316 2968 400 3052 ἐστι,
428 2966 469 3033 τὰ
493 2966 530 3034 δὲ
548 2967 699 3054 σχήματα
722 2968 913 3055 ποιότητος,
944 2974 980 3038 οί
1005 2969 1043 3038 δέ
1070 2971 1165 3056 λόγοι

154 3069 236 3153 πρὸς
254 3069 381 3158 ἄλληλα
394 3071 525 3141 τούτων
539 3084 607 3141 τῶν
622 3072 705 3159 πρός
718 3099 758 3140 τι.
790 3071 944 3142 ὥστεκαὶ
958 3073 1021 3160 τὴν
1038 3082 1166 3161 γωνίαν

101 3203 136 3254 25
154 3174 214 3263 ὑφ’
240 3181 277 3245 δν
304 3178 434 3246 τούτων
462 3174 640 3264 ἀνάξομεν.
685 3178 848 3248 τοιούτων
877 3180 914 3248 δὲ
937 3186 1005 3249 τῶν
1029 3180 1165 3268 ἀπόρων

155 3281 264 3351 ὄντων
282 3286 344 3370 τὴν
363 3288 492 3369 γωνίαν
511 3284 617 3370 αὐτὴν
635 3284 697 3371 μὲν
715 3284 795 3352 καθ’
813 3285 936 3373 ἑαυτὴν
954 3288 1061 3374 μηδὲν
1079 3287 1166 3356 εἶναι

155 3392 223 3457 των
243 3391 439 3476 εἰρημένων,
465 3387 519 3457 διὰ
538 3389 575 3457 δὲ
593 3394 652 3476 τῆς
670 3393 806 3459 πόντων
825 3392 954 3461 τούτων
974 3399 1167 3480 συνδρομῆς

156 3500 243 3581 ἔχειν
266 3495 328 3581 τὴν
350 3492 544 3564 ὑπόστασιν.
581 3501 649 3565 ἔστι
674 3497 712 3565 δὲ
730 3496 792 3584 οὐχ
810 3495 831 3583 ἡ
851 3506 957 3585 γωνία
975 3503 1084 3586 μόνον
1102 3526 1166 3568 τοι·

157 3605 275 3671 οὗτον
304 3599 386 3668 ἀλλὰ
412 3599 522 3669 καὶ
489 3629 527 3669 το
550 3609 733 3689 τρίγωνον,
760 3604 823 3671 καί
845 3612 921 3672 ίσον
949 3608 1077 3691 λέγεται
1100 3613 1166 3692 τρί

91 3762 253 3995 71.
247 3756 360 3831 .εί]η
434 3760 601 3832 Moriar]
616 3763 693 3887 glt.)
713 3765 823 3831 γωνίας.
896 3762 988 3836 8.εί]
1009 3782 1077 3821 corr.
1097 3762 1167 3834 exv}

212 3836 238 3891 1
310 3832 597 3904 τεισν]]οω.·ολι.
655 3834 920 3903 oclusp.12³,11.
