2424 4320
145 475 212 539 430
299 473 455 527 sellom
472 473 512 526 IN
529 472 804 525 ELEMENTORUM
821 472 960 525 LIBRUM
973 473 1006 523 X.

146 613 306 702 ὁπηλίκον
334 610 377 683 άν
402 613 586 702 ἐθέλωμεν,
615 611 789 701 ἐλάχιστον
812 610 1006 682 ὑποθέσθαι
1035 615 1159 701 μέτρον

145 722 318 810 γνώριμον
338 718 447 806 ὥσπερ
462 718 604 809 μονάδα.
637 722 705 787 πᾶν
718 716 783 805 γὰρ
797 718 874 787 καθ’
893 718 990 788 έαυτὸ
1006 721 1158 808 μέγεθος,

146 827 190 910 ώς
218 829 353 915 ἐλέχθη,
387 824 464 896 οὔτε
491 823 595 914 ῥητὸν
623 823 702 894 οὑτε
728 822 871 911 ἄλογον,
903 823 954 894 ὅτι
984 825 1041 892 καὶ
1066 831 1159 895 πάσα

145 936 263 1005 εὐθεῖα
285 931 364 1002 καθ’
386 930 508 1020 ἕαυτῆν
532 931 610 1001 οὔτε
633 930 715 1019 ῥητή
735 929 813 1000 οὔτε
831 929 957 1018 ἄλογός
974 933 1054 1018 ἐστι,
1078 952 1158 1019 συγ-

108 1068 125 1115 ο
144 1042 323 1130 κρινομένη
349 1040 385 1108 δέ
408 1037 491 1126 πρὸς
513 1037 737 1108 ὑποτεθείσαν
760 1039 854 1107 θέσει
877 1036 1009 1125 μονάδα
1033 1035 1157 1126 ῥητῆῆ

144 1146 267 1234 άλογος
280 1143 478 1233 εὑρίσκεται.
510 1143 616 1225 οὕτως
632 1138 697 1214 οὑν
713 1148 772 1231 τῆς
786 1144 999 1231 τετραγώνου
1012 1149 1160 1232 πλευράς

143 1252 364 1338 ὑποτεθείσης
377 1254 478 1339 ῥητῆς
492 1248 513 1339 ἡ
526 1251 700 1338 διάμετρος
710 1250 853 1338 δυνάμει
863 1250 947 1338 ῥητῆ
958 1248 1159 1337 εὑρίσκεται·

143 1359 240 1447 μήκει
250 1362 316 1445 γὰρ
327 1355 448 1444 ἄλογος
457 1355 657 1443 εὑρίσκεται·
672 1356 727 1424 καί
742 1356 844 1425 πάλιν
854 1349 898 1424 αὑ
908 1361 967 1444 τῆς
977 1358 1159 1445 διαμέτρου

143 1469 245 1554 ῥητῆς
257 1463 473 1551 ὑπαρχούσης
490 1460 511 1550 ῆ
526 1461 653 1551 πλευρὰ
667 1465 809 1551 δυνάμει
825 1463 907 1551 ῥητῆ
923 1464 1079 1550 ἑκατέρας
1097 1462 1158 1532 αὑ-

91 1596 124 1645 10
142 1576 211 1641 τών
229 1567 308 1638 καθ’
326 1568 449 1657 ἑαυτὴν
469 1568 546 1638 οὔτε
564 1571 665 1656 ῥητῆς
683 1566 788 1655 οὑσης
808 1571 885 1637 οὔτε
909 1564 1059 1656 άρρήτου
1082 1568 1158 1658 ῆτοι

142 1676 271 1763 άλόγου
279 1674 501 1763 ὑπαρχούσης.
516 1667 695 1754 οὑτωςοὺν
705 1679 773 1743 τών
783 1673 929 1743 εὑθειών
940 1674 1115 1763 ἐλάχιστόν
1124 1704 1157 1745 τι

143 1784 264 1870 μέτρον
287 1779 493 1868 ὑποθέμενοι
517 1778 657 1849 εὐθεῖαν
675 1780 807 1869 μονάδα
822 1784 858 1850 οί
875 1778 940 1850 άπὸ
958 1785 1027 1850 τών
1046 1793 1156 1870 μαθη-

142 1889 257 1975 μάτων
268 1885 372 1973 ῥητῆν
387 1883 568 1973 ὠνόμασαν
582 1886 711 1966 καὶτὰς
725 1884 808 1976 αὐτῆ
824 1888 1033 1974 συμμέτρους
1042 1888 1157 1976 ῥητάς·

143 1990 267 2079 ὁμοίως
280 1993 335 2060 καί
349 1991 387 2061 τὸ
401 1990 457 2060 ἀπ’
471 1990 574 2079 αὐτῆς
586 1995 796 2080 τετράγωνον
806 1992 909 2080 ῥητὸν
923 1994 978 2061 καί
992 1995 1033 2062 τά
1047 1995 1156 2088 τούτῳ

90 2126 123 2174 1⁶
143 2099 313 2187 σύμμετρα
323 2105 428 2187 χωρία
438 2097 521 2188 ῥητά
531 2101 691 2168 ἐκάλεσαν
705 2100 760 2166 καὶ
772 2099 873 2187 ῥητὸν
883 2098 1008 2187 ὁμοίως
1021 2100 1080 2171 τὸν
1095 2099 1153 2170 ἄπ’

143 2203 246 2292 αὐτῆς
259 2205 365 2293 κύβον
378 2207 434 2274 καὶ
447 2205 488 2275 τά
501 2206 608 2298 τούτῳ
624 2206 795 2293 σύμμετρα
810 2206 935 2291 στερεά.
958 2206 1106 2295 άρρητον
1122 2207 1154 2276 δ’

142 2308 326 2381 άκουστέον
345 2312 420 2381 άντὶ
439 2317 499 2381 τοῦ
519 2311 645 2398 ἄλογον
660 2312 795 2401 στερεὸν
810 2313 871 2400 μὲν
885 2312 923 2381 τὸ
939 2313 1156 2403 άσὺμμετρον

140 2424 186 2507 τώ
215 2417 280 2486 άπὸ
304 2421 407 2506 ῥητῆς
428 2421 535 2508 κύβῳ,
565 2421 722 2488 έπίπεδον
751 2418 788 2487 δὲ
810 2418 844 2487 τά
873 2418 1086 2507 ἀσύμμετρον
1108 2426 1155 2512 τῷ

142 2522 206 2592 άπὸ
231 2528 332 2611 ῥητῆς
354 2525 566 2619 τετραγώνῳ,
599 2526 695 2612 μήκει
718 2528 770 2610 δέ,
802 2527 974 2594 τουτέστιν
1002 2530 1153 2614 εὐθεῖαν,

89 2653 123 2703 20
140 2631 178 2699 τὸ
213 2633 294 2719 ῥητῆ
327 2629 549 2719 άσύμμετρον.
604 2632 657 2699 ἐπὶ
690 2631 727 2699 δέ
758 2636 827 2700 τών
861 2630 1006 2701 εὑθειών
1038 2639 1153 2721 διττῆς

141 2738 328 2824 νοουμένης
350 2748 409 2823 τῆς
431 2736 661 2824 ἀσυμμέτρου,
689 2741 766 2824 μιᾶς
794 2738 855 2825 μέν
883 2738 966 2807 ὅταν
995 2739 1094 2808 αὐταί
1118 2745 1157 2809 αί

141 2842 272 2911 εὐθεῖαι
296 2841 500 2930 άσύμμετροι
523 2835 596 2929 ώσι,
620 2841 660 2911 τὰ
680 2844 717 2911 δὲ
735 2841 791 2911 ἄπ’
813 2843 926 2913 αὐτῶν
946 2850 1051 2932 χωρία
1070 2846 1152 2934 σώμ-

140 2977 244 3036 μετρα
274 2947 444 3036 άλλήλοις,
477 2947 591 3037 ἑτέρας
618 2950 655 3018 δέ
683 2948 765 3018 ὅταν
792 2953 847 3019 καὶ
877 2950 930 3035 [τά
953 2950 1010 3019 άπ’
1036 2950 1152 3022 αὑτών

140 3061 246 3142 χωρία
269 3055 437 3144 σύμμετρα
460 3053 618 3142 άλλήλοις
640 3053 753 3143 ἑτέρας
776 3056 814 3124 δέ
837 3055 920 3126 ὅταν
938 3058 1006 3141 καὶ]
1030 3056 1070 3126 τὰ
1090 3057 1149 3126 ἀπ’

87 3184 120 3235 25
140 3159 252 3230 αὐτῶν
275 3168 381 3250 χωρία
400 3160 590 3250 ἀσύμμετρα
609 3160 764 3249 άλλήλοις
782 3155 814 3252 ᾖ,
839 3163 932 3251 διττὴ
951 3164 1006 3230 καὶ
1025 3161 1046 3251 ἡ
1066 3165 1152 3252 πρὸς

139 3269 201 3356 τῆν
230 3267 334 3356 ῥητῆν
362 3267 510 3356 διαφορά
538 3267 621 3337 κατά
649 3269 728 3349 τοὺς
754 3269 916 3351 παλαιοὺς
939 3267 1079 3360 ὑπῆρχε·
1117 3276 1156 3340 αί

139 3376 201 3462 μέν
229 3377 294 3465 γάρ
322 3378 476 3463 λέγονται
505 3375 647 3463 δυνάμει
671 3377 768 3464 ῥηταί
796 3379 852 3444 καὶ
880 3376 1012 3464 ἄλογοι,
1050 3381 1088 3445 αί
1114 3380 1152 3447 δέ

139 3483 244 3570 μήκει.
286 3483 428 3570 δυνάμει
451 3482 512 3569 μέν
536 3475 600 3550 οὑν
622 3487 687 3551 είσι
710 3484 818 3569 ῥηταί,
841 3481 886 3564 ώς
908 3492 1047 3572 είρηιαι,
1071 3482 1149 3552 ὅσαι

139 3589 226 3655 εἰσὶν
258 3586 462 3677 ἀσύμμετροι
490 3592 530 3678 τῆ
560 3591 657 3678 ῥητῆ,
689 3588 730 3656 τά
758 3588 790 3656 δ’
816 3586 927 3659 αὐτῶν
959 3589 1151 3677 τετράγωνα

212 3754 253 3804 14.
273 3745 381 3804 τούτων
401 3766 427 3817 q.
507 3751 548 3803 16.
573 3746 679 3804 τούτων
697 3767 724 3818 q.
802 3754 845 3802 21.
865 3755 988 3819 νοοῦμεν
1007 3768 1033 3818 q.
1107 3756 1151 3806 23.

139 3815 175 3870 τά
195 3849 226 3859 -
247 3825 289 3876 24.
310 3821 375 3891 καί]
395 3819 483 3875 deleo.
