2414 4236
1056 338 1067 355 δ

212 472 368 524 SCHOLIA
386 473 425 524 IN
443 471 717 524 ELEMENTORUM
735 471 874 524 LIBRUM
887 472 933 525 VI.
1007 468 1072 535 345

58 610 158 701 λοιιτή
177 611 198 701 ή
218 610 301 700 πρὸς
318 614 412 704 τῷΞ
435 620 490 698 ίση
508 614 548 699 τή
566 608 651 698 πρὸς
668 613 715 704 τῷ
736 617 772 678 0.
805 609 890 679 άλλά
906 610 948 699 δή
963 609 1070 680 καὶτὸ

57 724 157 798 ΓΞΔ
177 718 297 807 ὅμοιον
316 722 361 810 τῷ
382 724 494 786 ΘΟΚ·
519 717 681 804 ἰσογώνια
698 717 764 804 γάρ
783 720 839 786 διὰ
858 719 896 787 τὸ
913 717 976 806 τήν
990 717 1073 806 πρὸς

56 831 103 917 τῷ
123 835 157 893 Δ
180 835 257 912 ίσην
278 828 456 912 δειχθῆναι
473 828 512 912 τή
531 823 615 912 πρὸς
637 827 683 915 τῷ
704 830 747 910 K,
770 828 1015 912 προδειχθήναι
1034 824 1072 893 δὲ

56 933 114 1000 καὶ
137 931 199 1018 τήν
222 930 306 1018 πρὸς
328 935 373 1023 τῷ
394 936 427 998 Γ
445 938 523 1017 ίσην
545 935 585 1018 τή
609 929 694 1018 πρὸς
714 934 760 1023 τῷ
780 938 819 1017 Θ,
843 927 897 1000 ὅτε
914 934 952 999 τὸ
975 937 1072 999 ΕΓΔ

57 1038 229 1108 ἐδείκνυτο
254 1036 373 1125 ὅμοιον
396 1041 441 1130 τῷ
465 1042 577 1105 ΛΘΚ.
615 1035 660 1117 ὡς
683 1035 749 1123 άρα
771 1034 792 1124 ή
816 1040 880 1114 ΒΞ
899 1036 983 1124 πρὸς
1000 1040 1072 1125 ΞΓ,
1109 1057 1126 1106 ο

57 1141 165 1224 οὕτως
187 1141 208 1231 ἡ
231 1152 271 1212 Η
274 1150 303 1211 0
325 1141 409 1231 πρὸς
433 1149 506 1229 ΟΘ,
528 1142 584 1210 καὶ
608 1141 654 1222 ὡς
677 1145 741 1218 ΓΞ
761 1140 844 1230 πρὸς
866 1144 942 1228 ΞΛ,
967 1141 1073 1224 οὕτως

56 1247 78 1337 ἡ
102 1256 166 1318 ΘΟ
188 1248 271 1338 πρὸς
295 1256 371 1318 OK.
417 1247 463 1316 δι’
491 1256 567 1316 ίσου
590 1246 657 1336 άρα
685 1246 730 1327 ὡς
756 1244 777 1334 ή
801 1251 866 1324 ΒΞ
888 1247 972 1335 πρὸς
994 1251 1072 1334 ΞΔ,

58 1353 303 1443 oms-{2110
330 1356 413 1444 πρὸς
438 1361 512 1422 ΘΚ.
559 1352 603 1434 ὡς
626 1353 664 1422 δὲ
687 1357 725 1421 αί
745 1356 872 1440 βάσεις,
901 1353 989 1424 οὕτω
1016 1357 1072 1424 καὶ

56 1461 97 1531 τὰ
122 1467 269 1549 τρίγωνα
292 1460 332 1528 τὰ
355 1458 422 1529 ὑπὸ
445 1462 492 1528 τδ
506 1458 588 1528 αὐτὸ
608 1457 695 1540 ὕψος
712 1460 768 1527 καὶ
786 1458 890 1538 τάλλα
908 1475 979 1541 τοῖς
996 1487 1073 1550 προ-

58 1572 244 1656 δειχθείσιν
268 1567 452 1635 ἀκόλουθα.
1093 1586 1127 1636 10

125 1678 176 1743 35.
217 1671 263 1742 Τὸ
286 1679 307 1748 ξ
334 1677 394 1742 τοῦ
422 1664 443 1741 δ
471 1671 556 1755 άιταξ
578 1671 751 1760 ἡμιόλιον,
778 1670 817 1741 τά
848 1674 886 1742 δὲ
909 1680 944 1762 ιη
966 1679 1073 1762 τοῦη

57 1785 123 1860 δίς·
155 1780 195 1849 τὰ
220 1780 337 1870 ιήγάρ
355 1785 425 1850 τῶν
450 1770 658 1866 ᾦήμιόλια,
680 1780 720 1847 τά
744 1778 782 1847 δὲ
805 1771 841 1865 ιδ
863 1779 946 1868 πρὸς
968 1792 991 1867 ἦ
1012 1777 1073 1849 τὸν

57 1878 162 1955 αὐτὸν
186 1892 251 1974 ἔχει
274 1888 388 1974 λόγου.
434 1883 474 1952 τά
500 1890 534 1971 ῑη
557 1883 623 1970 άρα
646 1888 707 1954 τοῦ
730 1897 753 1972 ἦ
775 1887 829 1966 δὶς
850 1882 996 1973 ἡμιόλια.

126 1997 179 2063 36.
219 1995 376 2062 Τουτέστι
408 1990 448 2059 τά
482 1991 577 2078 μήκει
606 1991 766 2060 διπλάσια
794 1991 935 2080 δυνάμει
961 2017 1072 2081 τετρα-

58 2096 182 2164 πλάσιά
206 2101 301 2166 εἰσιν.
346 2100 406 2167 ἐὰν
432 2096 498 2185 γάρ
527 2102 625 2184 ἔχωσι
649 2100 687 2165 αί
707 2099 848 2185 πλευραὶ
872 2102 1073 2168 διπλασίονα
1094 2117 1127 2166 ισ

59 2202 164 2287 λόγου
182 2201 268 2284 πρὸς
285 2199 430 2289 ἀλλήλας
448 2207 516 2272 τῶν
536 2205 619 2270 οἵων
640 2202 682 2290 δή
696 2230 799 2272 τινων
814 2202 1074 2292 εὐθυγράμμων,

59 2309 169 2375 ἕπεται
193 2309 226 2388 ἐξ
248 2305 397 2396 άυάγκης
419 2314 507 2397 ἔχειν
527 2307 566 2377 τά
586 2308 644 2377 ἀπ’
661 2307 773 2378 αὐτῶν
789 2309 950 2395 γινόμενα
970 2309 1073 2378 εὐθύ-

58 2439 194 2500 γραμμα
218 2414 367 2502 σχήματα
395 2417 448 2497 δὶς
471 2421 672 2484 διπλασίονα
700 2414 803 2501 λόγον
827 2413 911 2501 πρὸς
933 2413 1072 2502 άλληλα,

57 2521 207 2587 τουτέστι
238 2521 488 2608 τετραπλάσιον.
543 2524 599 2590 καί
632 2523 706 2606 ἑξῆς
738 2520 862 2609 ὁμοίως
892 2518 974 2589 κάιιλ
1004 2526 1073 2589 τῶν

59 2624 172 2693 ἄλλων
201 2625 329 2714 λόγων,
360 2630 510 2696 τουτέστι
537 2627 577 2695 τά
602 2628 703 2715 Ιμήκει
729 2629 907 2716 τριπλάσια
931 2628 1073 2714 δυνάμει
1092 2646 1128 2696 20

59 2731 283 2801 ίυνεαιιλάσιά
306 2737 407 2802 εἰσιν·
431 2739 544 2822 ἔχουσι
568 2735 632 2823 γάρ
655 2735 726 2822 τρὶς
748 2733 946 2823 τριπλάσιον
969 2733 1073 2819 λόγον

57 2841 95 2904 αί
111 2841 252 2926 πλευραὶ
269 2838 355 2927 πρὸς
369 2836 515 2926 άλλήλας
527 2850 596 2909 τῶν
613 2842 646 2922 έξ
661 2842 799 2909 ἐκείνων
814 2837 1074 2926 εὐθυγράμμων.

59 2940 182 3030 ὁμοίως
209 2945 266 3012 καὶ
289 2943 329 3013 τά
353 2946 451 3033 μήκει
473 2945 696 3033 τετραπλάσια
719 2942 863 3030 δυνάμει
886 2944 1073 3011 ἑκκαιδεκα-

58 3049 183 3117 αλάσιά
212 3055 311 3119 είσιυ·
348 3057 461 3139 ἔχουσι
489 3049 554 3138 γὰρ
577 3050 725 3137 τετράκις
747 3047 809 3119 τὸν
831 3049 1074 3136 τετραπλάσιον

57 3156 168 3241 λόγου.
1091 3180 1125 3229 25
1160 3245 1164 3251 Ι

125 3265 177 3330 37.
216 3267 336 3329 ΕΜΓ·
373 3262 457 3349 πρὸς
484 3261 613 3349 άλληλα
639 3261 704 3350 γάρ
732 3288 762 3349 p.
789 3265 865 3349 136,
889 3266 927 3345 3]
956 3259 1072 3347 ἑτέραν

58 3369 215 3454 ζητητέον
240 3368 389 3436 ἐνταῦθα
413 3373 539 3437 αἰτίαν·
575 3368 700 3456 ταύτην
727 3368 792 3457 γὰρ
817 3366 878 3437 οὐκ
902 3365 992 3453 οἶμαι
1016 3364 1072 3454 ἁρ·

129 3566 171 3616 ιι.
193 3560 239 3616 ν’.
312 3569 355 3619 ιε.
375 3564 407 3618 A.
481 3568 524 3619 οι.
543 3566 557 3619 ι
574 3563 671 3631 (τέω).

59 3681 274 3690 -.--

90 3804 97 3821 ‚
131 3745 177 3861 ΜΔ.
192 3736 288 3812 μήκει]
308 3739 383 3810 μήκη
402 3741 436 3796 A.
512 3745 552 3795 17.
571 3734 681 3810 αὐτῶν]
699 3733 788 3794 αὐτοῦ
808 3739 841 3795 Α.
913 3745 956 3795 20.
975 3736 1072 3811 μήκει]

58 3827 134 3877 ΨΜ
181 3851 186 3863 ·
299 3872 303 3878 .
