<?xml version="1.0" encoding="UTF-8"?>
<!DOCTYPE html PUBLIC "-//W3C//DTD XHTML 1.0 Transitional//EN"
    "http://www.w3.org/TR/xhtml1/DTD/xhtml1-transitional.dtd">
<html xmlns="http://www.w3.org/1999/xhtml" xml:lang="en" lang="en">
 <head>
  <title>
</title>
<meta http-equiv="Content-Type" content="text/html;charset=utf-8" />
  <meta name='ocr-system' content='tesseract 3.04.00' />
  <meta name='ocr-capabilities' content='ocr_page ocr_carea ocr_par ocr_line ocrx_word'/>
</head>
<body>
  <div class='ocr_page' id='page_1' title='image "./euclidisoperaom10unkngoog_0094.png"; bbox 0 0 2424 4320; ppageno 0'>
   <div class='ocr_carea' id='block_1_1' title="bbox 10 35 1156 383">
    <p class='ocr_par' dir='ltr' id='par_1_1' title="bbox 10 35 1156 383">
     <span class='ocr_line' id='line_1_1' title="bbox 10 35 1156 383; baseline -0.034 -3"><span class='ocrx_word' id='word_1_1' title='bbox 10 35 1156 383; x_wconf 60' lang='lat' dir='ltr'>m</span> 
     </span>
    </p>
   </div>
   <div class='ocr_carea' id='block_1_2' title="bbox 351 562 1083 623">
    <p class='ocr_par' dir='ltr' id='par_1_2' title="bbox 351 562 1083 623">
     <span class='ocr_line' id='line_1_2' title="bbox 351 562 1083 623; baseline 0.012 -9"><span class='ocrx_word' id='word_1_2' title='bbox 351 562 623 616; x_wconf 66' lang='lat' dir='ltr'><strong>Paosacoamas</strong></span> <span class='ocrx_word' id='word_1_3' title='bbox 642 563 794 619; x_wconf 75' lang='lat' dir='ltr'><strong>camon.</strong></span> <span class='ocrx_word' id='word_1_4' title='bbox 966 566 1083 623; x_wconf 86' lang='lat' dir='ltr'>LXXXI</span> 
     </span>
    </p>
   </div>
   <div class='ocr_carea' id='block_1_3' title="bbox 59 701 1082 1253">
    <p class='ocr_par' dir='ltr' id='par_1_3' title="bbox 59 701 1082 1253">
     <span class='ocr_line' id='line_1_3' title="bbox 60 701 1082 773; baseline 0.008 -17"><span class='ocrx_word' id='word_1_5' title='bbox 60 703 115 757; x_wconf 86' lang='lat' dir='ltr'><strong>ism</strong></span> <span class='ocrx_word' id='word_1_6' title='bbox 134 701 267 758; x_wconf 84' lang='lat' dir='ltr'><strong>Simsouo</strong></span> <span class='ocrx_word' id='word_1_7' title='bbox 287 720 318 772; x_wconf 90' lang='lat' dir='ltr'><strong>p.</strong></span> <span class='ocrx_word' id='word_1_8' title='bbox 338 707 392 757; x_wconf 76' lang='grc'><strong>406</strong></span> <span class='ocrx_word' id='word_1_9' title='bbox 412 701 567 773; x_wconf 71' lang='lat' dir='ltr'><strong>displicuit,</strong></span> <span class='ocrx_word' id='word_1_10' title='bbox 586 706 813 773; x_wconf 89' lang='lat' dir='ltr'><strong>supplementum</strong></span> <span class='ocrx_word' id='word_1_11' title='bbox 833 706 1082 765; x_wconf 75' lang='lat' dir='ltr'><strong>demonstrationis</strong></span> 
     </span>
     <span class='ocr_line' id='line_1_4' title="bbox 60 780 1081 857; baseline 0.004 -19"><span class='ocrx_word' id='word_1_12' title='bbox 60 780 255 838; x_wconf 77' lang='lat' dir='ltr'><strong>antecedentis</strong></span> <span class='ocrx_word' id='word_1_13' title='bbox 277 782 413 852; x_wconf 77' lang='lat' dir='ltr'><strong>praebet3</strong></span> <span class='ocrx_word' id='word_1_14' title='bbox 439 781 489 837; x_wconf 86' lang='lat' dir='ltr'><strong>sed</strong></span> <span class='ocrx_word' id='word_1_15' title='bbox 512 782 565 838; x_wconf 90' lang='lat' dir='ltr'><strong>boc</strong></span> <span class='ocrx_word' id='word_1_16' title='bbox 588 781 683 837; x_wconf 88' lang='lat' dir='ltr'><strong>deleto</strong></span> <span class='ocrx_word' id='word_1_17' title='bbox 701 781 852 836; x_wconf 86' lang='lat' dir='ltr'><strong>delendum</strong></span> <span class='ocrx_word' id='word_1_18' title='bbox 871 785 958 839; x_wconf 86' lang='lat' dir='ltr'><strong>etiam</strong></span> <span class='ocrx_word' id='word_1_19' title='bbox 978 783 1016 850; x_wconf 76' lang='grc' dir='ltr'><strong>ὡς</strong></span> <span class='ocrx_word' id='word_1_20' title='bbox 1035 787 1081 857; x_wconf 74' lang='grc' dir='ltr'><strong>ἔμ-</strong></span> 
     </span>
     <span class='ocr_line' id='line_1_5' title="bbox 59 859 1081 931; baseline 0.007 -16"><span class='ocrx_word' id='word_1_21' title='bbox 59 865 187 929; x_wconf 67' lang='grc' dir='ltr'><strong>προσθεν</strong></span> <span class='ocrx_word' id='word_1_22' title='bbox 210 859 334 931; x_wconf 66' lang='grc' dir='ltr'><strong>ἐδείχθη</strong></span> <span class='ocrx_word' id='word_1_23' title='bbox 359 860 399 915; x_wconf 83' lang='lat' dir='ltr'><strong>IV</strong></span> <span class='ocrx_word' id='word_1_24' title='bbox 422 880 449 931; x_wconf 88' lang='lat' dir='ltr'><strong>p.</strong></span> <span class='ocrx_word' id='word_1_25' title='bbox 470 867 535 931; x_wconf 98' lang='grc'>168,</span> <span class='ocrx_word' id='word_1_26' title='bbox 556 868 602 928; x_wconf 83' lang='grc'><strong>16;</strong></span> <span class='ocrx_word' id='word_1_27' title='bbox 631 867 760 930; x_wconf 79' lang='grc'>246,12.</span> <span class='ocrx_word' id='word_1_28' title='bbox 802 867 949 919; x_wconf 74' lang='lat' dir='ltr'>remanent</span> <span class='ocrx_word' id='word_1_29' title='bbox 971 866 1000 920; x_wconf 93' lang='lat' dir='ltr'><strong>in</strong></span> <span class='ocrx_word' id='word_1_30' title='bbox 1021 868 1081 922; x_wconf 88' lang='lat' dir='ltr'><strong>solo</strong></span> 
     </span>
     <span class='ocr_line' id='line_1_6' title="bbox 60 940 1081 1013; baseline 0.005 -16"><span class='ocrx_word' id='word_1_31' title='bbox 60 943 129 997; x_wconf 92' lang='lat' dir='ltr'><strong>libro</strong></span> <span class='ocrx_word' id='word_1_32' title='bbox 152 942 179 996; x_wconf 88' lang='lat' dir='ltr'>X</span> <span class='ocrx_word' id='word_1_33' title='bbox 204 940 340 996; x_wconf 82' lang='lat' dir='ltr'><strong>rmdecim</strong></span> <span class='ocrx_word' id='word_1_34' title='bbox 365 940 514 1009; x_wconf 88' lang='lat' dir='ltr'><strong>lemmata,</strong></span> <span class='ocrx_word' id='word_1_35' title='bbox 544 958 616 1012; x_wconf 87' lang='lat' dir='ltr'><strong>quae</strong></span> <span class='ocrx_word' id='word_1_36' title='bbox 640 940 677 995; x_wconf 87' lang='lat' dir='ltr'><strong>ad</strong></span> <span class='ocrx_word' id='word_1_37' title='bbox 701 942 908 1011; x_wconf 75' lang='lat' dir='ltr'><strong>propositiones</strong></span> <span class='ocrx_word' id='word_1_38' title='bbox 932 952 1081 1013; x_wconf 87' lang='lat' dir='ltr'><strong>sequentes</strong></span> 
     </span>
     <span class='ocr_line' id='line_1_7' title="bbox 59 1018 1081 1091; baseline 0.003 -15"><span class='ocrx_word' id='word_1_39' title='bbox 59 1022 203 1091; x_wconf 72' lang='lat' dir='ltr'><strong>pertinent</strong></span> <span class='ocrx_word' id='word_1_40' title='bbox 229 1023 261 1075; x_wconf 88' lang='grc'><strong>66</strong></span> <span class='ocrx_word' id='word_1_41' title='bbox 283 1018 492 1090; x_wconf 85' lang='lat' dir='ltr'><strong>impedimenta</strong></span> <span class='ocrx_word' id='word_1_42' title='bbox 513 1020 766 1076; x_wconf 77' lang='lat' dir='ltr'><strong>demonstrationes</strong></span> <span class='ocrx_word' id='word_1_43' title='bbox 789 1037 885 1076; x_wconf 89' lang='lat' dir='ltr'><strong>earnm</strong></span> <span class='ocrx_word' id='word_1_44' title='bbox 908 1024 1081 1079; x_wconf 74' lang='lat' dir='ltr'><strong>remorantia</strong></span> 
     </span>
     <span class='ocr_line' id='line_1_8' title="bbox 60 1098 1081 1170; baseline 0.003 -14"><span class='ocrx_word' id='word_1_45' title='bbox 60 1103 207 1156; x_wconf 82' lang='lat' dir='ltr'><strong>renonent</strong></span> <span class='ocrx_word' id='word_1_46' title='bbox 225 1099 290 1167; x_wconf 82' lang='lat' dir='ltr'><strong>(cfr.</strong></span> <span class='ocrx_word' id='word_1_47' title='bbox 305 1098 423 1154; x_wconf 85' lang='lat' dir='ltr'><strong>Proetus</strong></span> <span class='ocrx_word' id='word_1_48' title='bbox 442 1099 471 1153; x_wconf 91' lang='lat' dir='ltr'><strong>in</strong></span> <span class='ocrx_word' id='word_1_49' title='bbox 485 1098 562 1154; x_wconf 77' lang='lat' dir='ltr'><strong>Eucl.</strong></span> <span class='ocrx_word' id='word_1_50' title='bbox 578 1117 606 1170; x_wconf 95' lang='lat' dir='ltr'><strong>p.</strong></span> <span class='ocrx_word' id='word_1_51' title='bbox 621 1102 695 1170; x_wconf 90' lang='grc'>211).</span> <span class='ocrx_word' id='word_1_52' title='bbox 724 1116 819 1155; x_wconf 91' lang='lat' dir='ltr'><strong>eorum</strong></span> <span class='ocrx_word' id='word_1_53' title='bbox 841 1103 961 1156; x_wconf 82' lang='lat' dir='ltr'><strong>maxime</strong></span> <span class='ocrx_word' id='word_1_54' title='bbox 976 1103 1081 1159; x_wconf 89' lang='lat' dir='ltr'><strong>lemma</strong></span> 
     </span>
     <span class='ocr_line' id='line_1_9' title="bbox 61 1178 1079 1253; baseline 0.003 -19"><span class='ocrx_word' id='word_1_55' title='bbox 61 1180 90 1245; x_wconf 80' lang='grc' dir='ltr'><strong>Χ,</strong></span> <span class='ocrx_word' id='word_1_56' title='bbox 107 1185 141 1234; x_wconf 78' lang='grc'>41</span> <span class='ocrx_word' id='word_1_57' title='bbox 162 1180 202 1234; x_wconf 93' lang='lat' dir='ltr'><strong>ob</strong></span> <span class='ocrx_word' id='word_1_58' title='bbox 221 1179 465 1235; x_wconf 81' lang='lat' dir='ltr'><strong>introductionem</strong></span> <span class='ocrx_word' id='word_1_59' title='bbox 483 1178 523 1232; x_wconf 95' lang='lat' dir='ltr'><strong>llI</strong></span> <span class='ocrx_word' id='word_1_60' title='bbox 541 1197 568 1248; x_wconf 90' lang='lat' dir='ltr'><strong>p.</strong></span> <span class='ocrx_word' id='word_1_61' title='bbox 585 1185 645 1248; x_wconf 84' lang='lat'><strong>118,</strong></span> <span class='ocrx_word' id='word_1_62' title='bbox 665 1187 699 1237; x_wconf 93' lang='grc'>20</span> <span class='ocrx_word' id='word_1_63' title='bbox 715 1199 755 1250; x_wconf 87' lang='lat' dir='ltr'><strong>sq.</strong></span> <span class='ocrx_word' id='word_1_64' title='bbox 776 1184 797 1248; x_wconf 95' lang='lat'><strong>(.</strong></span> <span class='ocrx_word' id='word_1_65' title='bbox 810 1222 834 1235; x_wconf 93' lang='lat'><strong>..</strong></span> <span class='ocrx_word' id='word_1_66' title='bbox 855 1182 1005 1251; x_wconf 76' lang='grc' dir='ltr'><strong>δείξομεν</strong></span> <span class='ocrx_word' id='word_1_67' title='bbox 1023 1180 1079 1253; x_wconf 75' lang='grc' dir='ltr'><strong>ἤδη</strong></span> 
     </span>
    </p>
   </div>
   <div class='ocr_carea' id='block_1_4' title="bbox 59 1254 1080 3400">
    <p class='ocr_par' dir='ltr' id='par_1_4' title="bbox 59 1254 1080 3400">
     <span class='ocr_line' id='line_1_10' title="bbox 61 1254 1079 1329; baseline 0.003 -15"><span class='ocrx_word' id='word_1_68' title='bbox 61 1261 272 1329; x_wconf 67' lang='grc' dir='ltr'><strong>ιφοειθέμευοι</strong></span> <span class='ocrx_word' id='word_1_69' title='bbox 286 1254 446 1329; x_wconf 66' lang='lat' dir='ltr'><strong>tappetem</strong></span> <span class='ocrx_word' id='word_1_70' title='bbox 459 1259 609 1328; x_wconf 73' lang='grc' dir='ltr'>τοιοῦτον),</span> <span class='ocrx_word' id='word_1_71' title='bbox 629 1277 700 1328; x_wconf 82' lang='lat' dir='ltr'><strong>quae</strong></span> <span class='ocrx_word' id='word_1_72' title='bbox 720 1258 757 1315; x_wconf 86' lang='lat' dir='ltr'><strong>ad</strong></span> <span class='ocrx_word' id='word_1_73' title='bbox 770 1260 1003 1329; x_wconf 79' lang='lat' dir='ltr'><strong>interpolatorem</strong></span> <span class='ocrx_word' id='word_1_74' title='bbox 1022 1279 1079 1317; x_wconf 90' lang='lat' dir='ltr'><strong>uon</strong></span> 
     </span>
     <span class='ocr_line' id='line_1_11' title="bbox 60 1337 1079 1410; baseline 0.003 -18"><span class='ocrx_word' id='word_1_75' title='bbox 60 1339 337 1408; x_wconf 85' lang='lat' dir='ltr'><strong>impudentissimum</strong></span> <span class='ocrx_word' id='word_1_76' title='bbox 356 1337 455 1392; x_wconf 82' lang='lat' dir='ltr'><strong>referri</strong></span> <span class='ocrx_word' id='word_1_77' title='bbox 473 1350 529 1393; x_wconf 88' lang='lat' dir='ltr'><strong>nou</strong></span> <span class='ocrx_word' id='word_1_78' title='bbox 544 1341 646 1408; x_wconf 89' lang='lat' dir='ltr'><strong>potest,</strong></span> <span class='ocrx_word' id='word_1_79' title='bbox 666 1339 783 1410; x_wconf 78' lang='lat' dir='ltr'><strong>adgredi</strong></span> <span class='ocrx_word' id='word_1_80' title='bbox 797 1355 855 1393; x_wconf 91' lang='lat' dir='ltr'><strong>non</strong></span> <span class='ocrx_word' id='word_1_81' title='bbox 870 1340 969 1407; x_wconf 80' lang='lat' dir='ltr'><strong>audeo,</strong></span> <span class='ocrx_word' id='word_1_82' title='bbox 988 1357 1079 1410; x_wconf 86' lang='lat' dir='ltr'><strong>neque</strong></span> 
     </span>
     <span class='ocr_line' id='line_1_12' title="bbox 59 1417 1079 1487; baseline 0.002 -15"><span class='ocrx_word' id='word_1_83' title='bbox 59 1421 156 1473; x_wconf 78' lang='grc'>666666</span> <span class='ocrx_word' id='word_1_84' title='bbox 178 1419 320 1473; x_wconf 82' lang='lat' dir='ltr'><strong>lemmata</strong></span> <span class='ocrx_word' id='word_1_85' title='bbox 337 1417 373 1485; x_wconf 84' lang='lat' dir='ltr'><strong>X,</strong></span> <span class='ocrx_word' id='word_1_86' title='bbox 391 1422 435 1485; x_wconf 90' lang='grc'><strong>13,</strong></span> <span class='ocrx_word' id='word_1_87' title='bbox 451 1424 494 1483; x_wconf 90' lang='grc'><strong>16,</strong></span> <span class='ocrx_word' id='word_1_88' title='bbox 508 1424 551 1486; x_wconf 92' lang='grc'><strong>21,</strong></span> <span class='ocrx_word' id='word_1_89' title='bbox 566 1424 610 1486; x_wconf 90' lang='grc'><strong>32,</strong></span> <span class='ocrx_word' id='word_1_90' title='bbox 625 1426 659 1474; x_wconf 86' lang='grc'><strong>63</strong></span> <span class='ocrx_word' id='word_1_91' title='bbox 677 1419 769 1474; x_wconf 87' lang='lat' dir='ltr'><strong>babeo</strong></span> <span class='ocrx_word' id='word_1_92' title='bbox 790 1419 864 1487; x_wconf 87' lang='lat' dir='ltr'><strong>quod</strong></span> <span class='ocrx_word' id='word_1_93' title='bbox 884 1419 985 1473; x_wconf 87' lang='lat' dir='ltr'><strong>dicam.</strong></span> <span class='ocrx_word' id='word_1_94' title='bbox 1023 1421 1079 1474; x_wconf 90' lang='grc'><strong>666</strong></span> 
     </span>
     <span class='ocr_line' id='line_1_13' title="bbox 61 1496 1080 1567; baseline 0.003 -16"><span class='ocrx_word' id='word_1_95' title='bbox 61 1497 197 1553; x_wconf 82' lang='lat' dir='ltr'><strong>lemmata</strong></span> <span class='ocrx_word' id='word_1_96' title='bbox 221 1500 288 1567; x_wconf 89' lang='lat' dir='ltr'><strong>post</strong></span> <span class='ocrx_word' id='word_1_97' title='bbox 306 1496 346 1565; x_wconf 87' lang='lat' dir='ltr'><strong>X,</strong></span> <span class='ocrx_word' id='word_1_98' title='bbox 364 1502 400 1552; x_wconf 92' lang='grc'><strong>28</strong></span> <span class='ocrx_word' id='word_1_99' title='bbox 422 1496 510 1552; x_wconf 89' lang='lat' dir='ltr'><strong>dubia</strong></span> <span class='ocrx_word' id='word_1_100' title='bbox 527 1497 650 1552; x_wconf 89' lang='lat' dir='ltr'><strong>reddant</strong></span> <span class='ocrx_word' id='word_1_101' title='bbox 669 1499 756 1553; x_wconf 87' lang='lat' dir='ltr'><strong>uerba</strong></span> <span class='ocrx_word' id='word_1_102' title='bbox 779 1497 806 1551; x_wconf 90' lang='lat' dir='ltr'><strong>in</strong></span> <span class='ocrx_word' id='word_1_103' title='bbox 831 1497 886 1553; x_wconf 88' lang='lat' dir='ltr'><strong>line</strong></span> <span class='ocrx_word' id='word_1_104' title='bbox 905 1499 1022 1554; x_wconf 87' lang='lat' dir='ltr'><strong>alterius</strong></span> <span class='ocrx_word' id='word_1_105' title='bbox 1041 1499 1080 1554; x_wconf 91' lang='lat' dir='ltr'><strong>III</strong></span> 
     </span>
     <span class='ocr_line' id='line_1_14' title="bbox 60 1574 1080 1647; baseline 0.001 -15"><span class='ocrx_word' id='word_1_106' title='bbox 60 1596 85 1647; x_wconf 87' lang='lat' dir='ltr'><strong>p.</strong></span> <span class='ocrx_word' id='word_1_107' title='bbox 94 1583 138 1646; x_wconf 91' lang='grc'><strong>86,</strong></span> <span class='ocrx_word' id='word_1_108' title='bbox 149 1583 223 1633; x_wconf 88' lang='grc'><strong>3-6</strong></span> <span class='ocrx_word' id='word_1_109' title='bbox 238 1576 387 1632; x_wconf 75' lang='lat' dir='ltr'><strong>manifeste</strong></span> <span class='ocrx_word' id='word_1_110' title='bbox 401 1574 582 1646; x_wconf 85' lang='lat' dir='ltr'><strong>interpolata,</strong></span> <span class='ocrx_word' id='word_1_111' title='bbox 600 1578 650 1632; x_wconf 89' lang='lat' dir='ltr'><strong>sed</strong></span> <span class='ocrx_word' id='word_1_112' title='bbox 664 1579 786 1633; x_wconf 77' lang='grc'>66666666</span> <span class='ocrx_word' id='word_1_113' title='bbox 801 1578 871 1632; x_wconf 87' lang='lat' dir='ltr'><strong>haec</strong></span> <span class='ocrx_word' id='word_1_114' title='bbox 885 1580 946 1634; x_wconf 92' lang='lat' dir='ltr'><strong>sola</strong></span> <span class='ocrx_word' id='word_1_115' title='bbox 960 1580 1080 1634; x_wconf 88' lang='lat' dir='ltr'><strong>delenda</strong></span> 
     </span>
     <span class='ocr_line' id='line_1_15' title="bbox 61 1655 1080 1728; baseline 0.001 -17"><span class='ocrx_word' id='word_1_116' title='bbox 61 1659 133 1713; x_wconf 83' lang='lat' dir='ltr'><strong>sunt.</strong></span> <span class='ocrx_word' id='word_1_117' title='bbox 175 1656 316 1712; x_wconf 89' lang='lat' dir='ltr'><strong>iudicium</strong></span> <span class='ocrx_word' id='word_1_118' title='bbox 346 1656 380 1711; x_wconf 90' lang='lat' dir='ltr'><strong>de</strong></span> <span class='ocrx_word' id='word_1_119' title='bbox 408 1655 551 1712; x_wconf 85' lang='lat' dir='ltr'><strong>lemmatis</strong></span> <span class='ocrx_word' id='word_1_120' title='bbox 575 1661 638 1728; x_wconf 86' lang='lat' dir='ltr'><strong>post</strong></span> <span class='ocrx_word' id='word_1_121' title='bbox 657 1657 694 1726; x_wconf 91' lang='lat' dir='ltr'><strong>X,</strong></span> <span class='ocrx_word' id='word_1_122' title='bbox 715 1663 749 1712; x_wconf 87' lang='lat'><strong>18</strong></span> <span class='ocrx_word' id='word_1_123' title='bbox 768 1659 798 1711; x_wconf 89' lang='lat' dir='ltr'><strong>et</strong></span> <span class='ocrx_word' id='word_1_124' title='bbox 816 1662 865 1726; x_wconf 92' lang='grc'><strong>23,</strong></span> <span class='ocrx_word' id='word_1_125' title='bbox 894 1676 966 1726; x_wconf 88' lang='lat' dir='ltr'><strong>quae</strong></span> <span class='ocrx_word' id='word_1_126' title='bbox 985 1659 1080 1713; x_wconf 79' lang='lat' dir='ltr'><strong>dirimi</strong></span> 
     </span>
     <span class='ocr_line' id='line_1_16' title="bbox 60 1730 1079 1807; baseline 0 -15"><span class='ocrx_word' id='word_1_127' title='bbox 60 1741 205 1807; x_wconf 78' lang='lat' dir='ltr'><strong>nequeunt</strong></span> <span class='ocrx_word' id='word_1_128' title='bbox 230 1736 328 1806; x_wconf 92' lang='lat' dir='ltr'><strong>(al.</strong></span> <span class='ocrx_word' id='word_1_129' title='bbox 348 1740 391 1804; x_wconf 85' lang='grc'><strong>68,</strong></span> <span class='ocrx_word' id='word_1_130' title='bbox 411 1741 444 1791; x_wconf 89' lang='grc'><strong>16</strong></span> <span class='ocrx_word' id='word_1_131' title='bbox 469 1731 601 1799; x_wconf 71' lang='grc' dir='ltr'><strong><em>ὡσαύτως</em></strong></span> <span class='ocrx_word' id='word_1_132' title='bbox 619 1734 652 1791; x_wconf 71' lang='lat' dir='ltr'><strong>di</strong></span> <span class='ocrx_word' id='word_1_133' title='bbox 671 1741 730 1799; x_wconf 77' lang='grc' dir='ltr'><strong>τοῖς</strong></span> <span class='ocrx_word' id='word_1_134' title='bbox 750 1730 798 1790; x_wconf 70' lang='grc' dir='ltr'><strong>ἐπὶ</strong></span> <span class='ocrx_word' id='word_1_135' title='bbox 816 1737 874 1790; x_wconf 79' lang='grc' dir='ltr'><strong>τῶν</strong></span> <span class='ocrx_word' id='word_1_136' title='bbox 894 1733 986 1806; x_wconf 63' lang='lat' dir='ltr'><strong>tasas</strong></span> <span class='ocrx_word' id='word_1_137' title='bbox 1006 1737 1079 1806; x_wconf 79' lang='grc' dir='ltr'><strong><em>εἰρη-</em></strong></span> 
     </span>
     <span class='ocr_line' id='line_1_17' title="bbox 61 1813 1079 1888; baseline 0 -16"><span class='ocrx_word' id='word_1_138' title='bbox 61 1815 163 1885; x_wconf 70' lang='grc' dir='ltr'>μένοις,</span> <span class='ocrx_word' id='word_1_139' title='bbox 177 1819 208 1872; x_wconf 84' lang='lat' dir='ltr'><strong>h.</strong></span> <span class='ocrx_word' id='word_1_140' title='bbox 219 1833 244 1874; x_wconf 85' lang='lat' dir='ltr'><strong>e.</strong></span> <span class='ocrx_word' id='word_1_141' title='bbox 260 1816 295 1886; x_wconf 89' lang='lat' dir='ltr'><strong>X,</strong></span> <span class='ocrx_word' id='word_1_142' title='bbox 307 1817 465 1884; x_wconf 69' lang='lat' dir='ltr'><strong>totamm),</strong></span> <span class='ocrx_word' id='word_1_143' title='bbox 483 1833 501 1871; x_wconf 83' lang='lat' dir='ltr'><strong>a</strong></span> <span class='ocrx_word' id='word_1_144' title='bbox 515 1815 608 1871; x_wconf 84' lang='lat' dir='ltr'><strong>uerbis</strong></span> <span class='ocrx_word' id='word_1_145' title='bbox 626 1813 699 1870; x_wconf 76' lang='lat' dir='ltr'><strong>sarci</strong></span> <span class='ocrx_word' id='word_1_146' title='bbox 714 1835 779 1870; x_wconf 76' lang='grc' dir='ltr'><strong>τινα</strong></span> <span class='ocrx_word' id='word_1_147' title='bbox 794 1815 850 1869; x_wconf 78' lang='grc' dir='ltr'><strong>τῶν</strong></span> <span class='ocrx_word' id='word_1_148' title='bbox 865 1816 1079 1888; x_wconf 73' lang='grc' dir='ltr'><strong>προειρημένων</strong></span> 
     </span>
     <span class='ocr_line' id='line_1_18' title="bbox 61 1894 1078 1967; baseline 0.004 -18"><span class='ocrx_word' id='word_1_149' title='bbox 61 1895 173 1964; x_wconf 66' lang='grc' dir='ltr'><strong>τρίτων</strong></span> <span class='ocrx_word' id='word_1_150' title='bbox 186 1915 216 1967; x_wconf 90' lang='lat' dir='ltr'><strong>p.</strong></span> <span class='ocrx_word' id='word_1_151' title='bbox 232 1903 277 1964; x_wconf 85' lang='grc'><strong>68,</strong></span> <span class='ocrx_word' id='word_1_152' title='bbox 291 1902 371 1963; x_wconf 88' lang='grc'>6-6,</span> <span class='ocrx_word' id='word_1_153' title='bbox 385 1914 412 1966; x_wconf 88' lang='lat' dir='ltr'><strong>p.</strong></span> <span class='ocrx_word' id='word_1_154' title='bbox 428 1901 471 1963; x_wconf 90' lang='grc'><strong>60,</strong></span> <span class='ocrx_word' id='word_1_155' title='bbox 487 1900 511 1962; x_wconf 92' lang='grc'><strong>1,</strong></span> <span class='ocrx_word' id='word_1_156' title='bbox 529 1913 557 1965; x_wconf 92' lang='lat' dir='ltr'><strong>p.</strong></span> <span class='ocrx_word' id='word_1_157' title='bbox 574 1901 616 1964; x_wconf 79' lang='grc'><strong>70,</strong></span> <span class='ocrx_word' id='word_1_158' title='bbox 631 1901 648 1949; x_wconf 91' lang='grc'>3</span> <span class='ocrx_word' id='word_1_159' title='bbox 663 1896 704 1965; x_wconf 90' lang='lat' dir='ltr'><strong>(in</strong></span> <span class='ocrx_word' id='word_1_160' title='bbox 716 1894 871 1949; x_wconf 72' lang='lat' dir='ltr'><strong>&#39;theoninis</strong></span> <span class='ocrx_word' id='word_1_161' title='bbox 886 1900 952 1964; x_wconf 81' lang='lat' dir='ltr'><strong>orn.)</strong></span> <span class='ocrx_word' id='word_1_162' title='bbox 965 1899 1078 1967; x_wconf 85' lang='lat' dir='ltr'><strong>pendet.</strong></span> 
     </span>
     <span class='ocr_line' id='line_1_19' title="bbox 62 1973 1078 2046; baseline 0.001 -14"><span class='ocrx_word' id='word_1_163' title='bbox 62 1995 132 2046; x_wconf 80' lang='lat' dir='ltr'><strong>quse</strong></span> <span class='ocrx_word' id='word_1_164' title='bbox 155 1995 222 2033; x_wconf 84' lang='lat' dir='ltr'><strong>eum</strong></span> <span class='ocrx_word' id='word_1_165' title='bbox 248 1977 297 2031; x_wconf 84' lang='lat' dir='ltr'><strong>uix</strong></span> <span class='ocrx_word' id='word_1_166' title='bbox 322 1975 391 2030; x_wconf 86' lang='lat' dir='ltr'><strong>satis</strong></span> <span class='ocrx_word' id='word_1_167' title='bbox 415 1975 561 2030; x_wconf 88' lang='lat' dir='ltr'><strong>commode</strong></span> <span class='ocrx_word' id='word_1_168' title='bbox 583 1973 721 2045; x_wconf 83' lang='lat' dir='ltr'><strong>explicari</strong></span> <span class='ocrx_word' id='word_1_169' title='bbox 743 1974 867 2044; x_wconf 75' lang='lat' dir='ltr'><strong>possint,</strong></span> <span class='ocrx_word' id='word_1_170' title='bbox 895 1977 962 2044; x_wconf 89' lang='lat' dir='ltr'><strong>qnia</strong></span> <span class='ocrx_word' id='word_1_171' title='bbox 985 1980 1078 2033; x_wconf 84' lang='lat' dir='ltr'><strong>rectae</strong></span> 
     </span>
     <span class='ocr_line' id='line_1_20' title="bbox 63 2054 1079 2127; baseline 0.003 -17"><span class='ocrx_word' id='word_1_172' title='bbox 63 2056 289 2127; x_wconf 83' lang='lat' dir='ltr'><strong>longitudine</strong></span> <span class='ocrx_word' id='word_1_173' title='bbox 304 2054 569 2110; x_wconf 82' lang='lat' dir='ltr'><strong>commensurabiles</strong></span> <span class='ocrx_word' id='word_1_174' title='bbox 584 2071 646 2110; x_wconf 87' lang='lat' dir='ltr'><strong>esse</strong></span> <span class='ocrx_word' id='word_1_175' title='bbox 659 2057 855 2124; x_wconf 89' lang='lat' dir='ltr'><strong>supponuntur</strong></span> <span class='ocrx_word' id='word_1_176' title='bbox 869 2058 897 2109; x_wconf 90' lang='grc'><strong>66</strong></span> <span class='ocrx_word' id='word_1_177' title='bbox 906 2072 940 2111; x_wconf 83' lang='grc'><strong>66</strong></span> <span class='ocrx_word' id='word_1_178' title='bbox 949 2058 984 2111; x_wconf 92' lang='grc'><strong>66</strong></span> <span class='ocrx_word' id='word_1_179' title='bbox 995 2075 1079 2114; x_wconf 84' lang='grc'>66666</span> 
     </span>
     <span class='ocr_line' id='line_1_21' title="bbox 64 2133 1078 2205; baseline 0.003 -17"><span class='ocrx_word' id='word_1_180' title='bbox 64 2139 211 2205; x_wconf 87' lang='lat' dir='ltr'><strong>utroque</strong></span> <span class='ocrx_word' id='word_1_181' title='bbox 237 2135 322 2190; x_wconf 90' lang='lat' dir='ltr'><strong>modo</strong></span> <span class='ocrx_word' id='word_1_182' title='bbox 345 2136 387 2202; x_wconf 97' lang='grc'><strong>(66</strong></span> <span class='ocrx_word' id='word_1_183' title='bbox 403 2133 579 2203; x_wconf 79' lang='lat' dir='ltr'><strong>longitudine</strong></span> <span class='ocrx_word' id='word_1_184' title='bbox 604 2136 633 2188; x_wconf 91' lang='lat' dir='ltr'><strong>et</strong></span> <span class='ocrx_word' id='word_1_185' title='bbox 650 2133 789 2203; x_wconf 86' lang='lat' dir='ltr'><strong>potentia)</strong></span> <span class='ocrx_word' id='word_1_186' title='bbox 812 2137 1078 2192; x_wconf 76' lang='lat' dir='ltr'><strong>commensurabiles</strong></span> 
     </span>
     <span class='ocr_line' id='line_1_22' title="bbox 64 2213 1078 2282; baseline 0.002 -13"><span class='ocrx_word' id='word_1_187' title='bbox 64 2224 134 2281; x_wconf 84' lang='lat' dir='ltr'><strong>sunt,</strong></span> <span class='ocrx_word' id='word_1_188' title='bbox 153 2219 184 2271; x_wconf 87' lang='lat' dir='ltr'><strong>et</strong></span> <span class='ocrx_word' id='word_1_189' title='bbox 204 2233 239 2269; x_wconf 88' lang='grc'><strong>66</strong></span> <span class='ocrx_word' id='word_1_190' title='bbox 259 2218 288 2269; x_wconf 91' lang='grc'><strong>66</strong></span> <span class='ocrx_word' id='word_1_191' title='bbox 306 2215 440 2268; x_wconf 87' lang='lat' dir='ltr'><strong>lemmata</strong></span> <span class='ocrx_word' id='word_1_192' title='bbox 459 2213 579 2267; x_wconf 83' lang='lat' dir='ltr'><strong>delenda</strong></span> <span class='ocrx_word' id='word_1_193' title='bbox 592 2218 665 2279; x_wconf 86' lang='lat' dir='ltr'><strong>sunt,</strong></span> <span class='ocrx_word' id='word_1_194' title='bbox 686 2231 747 2267; x_wconf 83' lang='lat' dir='ltr'><strong>cunr</strong></span> <span class='ocrx_word' id='word_1_195' title='bbox 763 2214 929 2282; x_wconf 86' lang='lat' dir='ltr'><strong>praesertim</strong></span> <span class='ocrx_word' id='word_1_196' title='bbox 944 2217 1078 2271; x_wconf 84' lang='lat' dir='ltr'><strong>lemmata</strong></span> 
     </span>
     <span class='ocr_line' id='line_1_23' title="bbox 65 2291 1077 2364; baseline 0.001 -17"><span class='ocrx_word' id='word_1_197' title='bbox 65 2313 123 2349; x_wconf 86' lang='lat' dir='ltr'><strong>cum</strong></span> <span class='ocrx_word' id='word_1_198' title='bbox 144 2295 347 2349; x_wconf 77' lang='lat' dir='ltr'><strong>additamentis</strong></span> <span class='ocrx_word' id='word_1_199' title='bbox 366 2296 461 2363; x_wconf 88' lang='lat' dir='ltr'><strong>aperte</strong></span> <span class='ocrx_word' id='word_1_200' title='bbox 476 2294 578 2361; x_wconf 86' lang='lat' dir='ltr'><strong>spuriis</strong></span> <span class='ocrx_word' id='word_1_201' title='bbox 593 2291 643 2362; x_wconf 88' lang='lat' dir='ltr'><strong>(Ill</strong></span> <span class='ocrx_word' id='word_1_202' title='bbox 658 2299 750 2362; x_wconf 76' lang='lat' dir='ltr'><strong>appt</strong></span> <span class='ocrx_word' id='word_1_203' title='bbox 765 2311 791 2361; x_wconf 93' lang='lat' dir='ltr'><strong>p.</strong></span> <span class='ocrx_word' id='word_1_204' title='bbox 804 2298 855 2346; x_wconf 87' lang='grc'><strong>382</strong></span> <span class='ocrx_word' id='word_1_205' title='bbox 871 2299 899 2346; x_wconf 97' lang='grc'><strong>66</strong></span> <span class='ocrx_word' id='word_1_206' title='bbox 914 2300 929 2347; x_wconf 88' lang='grc'>8</span> <span class='ocrx_word' id='word_1_207' title='bbox 945 2314 971 2363; x_wconf 89' lang='lat' dir='ltr'><strong>p.</strong></span> <span class='ocrx_word' id='word_1_208' title='bbox 983 2296 1077 2364; x_wconf 78' lang='grc'>384)*)</span> 
     </span>
     <span class='ocr_line' id='line_1_24' title="bbox 64 2371 1078 2442; baseline -0.001 -13"><span class='ocrx_word' id='word_1_209' title='bbox 64 2376 214 2429; x_wconf 84' lang='lat' dir='ltr'><strong>coniuncta</strong></span> <span class='ocrx_word' id='word_1_210' title='bbox 232 2376 296 2428; x_wconf 90' lang='lat' dir='ltr'><strong>sint.</strong></span> <span class='ocrx_word' id='word_1_211' title='bbox 334 2373 438 2427; x_wconf 87' lang='lat' dir='ltr'><strong>lemma</strong></span> <span class='ocrx_word' id='word_1_212' title='bbox 455 2374 521 2442; x_wconf 84' lang='lat' dir='ltr'><strong>post</strong></span> <span class='ocrx_word' id='word_1_213' title='bbox 539 2372 572 2438; x_wconf 87' lang='lat' dir='ltr'><strong>X,</strong></span> <span class='ocrx_word' id='word_1_214' title='bbox 592 2378 608 2427; x_wconf 83' lang='grc'>3</span> <span class='ocrx_word' id='word_1_215' title='bbox 628 2390 764 2428; x_wconf 87' lang='lat' dir='ltr'><strong>unacum</strong></span> <span class='ocrx_word' id='word_1_216' title='bbox 786 2371 819 2439; x_wconf 89' lang='lat' dir='ltr'><strong>X,</strong></span> <span class='ocrx_word' id='word_1_217' title='bbox 841 2379 873 2426; x_wconf 92' lang='lat'><strong>10</strong></span> <span class='ocrx_word' id='word_1_218' title='bbox 897 2373 1078 2428; x_wconf 86' lang='lat' dir='ltr'><strong>indicandum</strong></span> 
     </span>
     <span class='ocr_line' id='line_1_25' title="bbox 64 2452 1077 2524; baseline 0 -15"><span class='ocrx_word' id='word_1_219' title='bbox 64 2466 110 2519; x_wconf 78' lang='lat' dir='ltr'><strong>est,</strong></span> <span class='ocrx_word' id='word_1_220' title='bbox 128 2471 186 2524; x_wconf 87' lang='lat' dir='ltr'><strong>qno</strong></span> <span class='ocrx_word' id='word_1_221' title='bbox 201 2454 334 2524; x_wconf 87' lang='lat' dir='ltr'><strong>pertinet,</strong></span> <span class='ocrx_word' id='word_1_222' title='bbox 353 2456 383 2508; x_wconf 90' lang='lat' dir='ltr'><strong>et</strong></span> <span class='ocrx_word' id='word_1_223' title='bbox 395 2454 424 2507; x_wconf 91' lang='lat' dir='ltr'><strong>in</strong></span> <span class='ocrx_word' id='word_1_224' title='bbox 439 2454 558 2520; x_wconf 86' lang='lat' dir='ltr'><strong>utroque</strong></span> <span class='ocrx_word' id='word_1_225' title='bbox 573 2455 632 2506; x_wconf 85' lang='lat' dir='ltr'><strong>tam</strong></span> <span class='ocrx_word' id='word_1_226' title='bbox 647 2452 824 2517; x_wconf 74' lang='lat' dir='ltr'><strong>multarunt,</strong></span> <span class='ocrx_word' id='word_1_227' title='bbox 840 2467 912 2519; x_wconf 88' lang='lat' dir='ltr'><strong>quae</strong></span> <span class='ocrx_word' id='word_1_228' title='bbox 927 2453 1077 2523; x_wconf 83' lang='lat' dir='ltr'><strong>offendant,</strong></span> 
     </span>
     <span class='ocr_line' id='line_1_26' title="bbox 67 2531 1077 2603; baseline 0.002 -17"><span class='ocrx_word' id='word_1_229' title='bbox 67 2540 94 2587; x_wconf 87' lang='lat' dir='ltr'><strong>nt</strong></span> <span class='ocrx_word' id='word_1_230' title='bbox 111 2536 159 2588; x_wconf 81' lang='lat' dir='ltr'><strong>uix</strong></span> <span class='ocrx_word' id='word_1_231' title='bbox 178 2533 297 2588; x_wconf 88' lang='lat' dir='ltr'><strong>retineri</strong></span> <span class='ocrx_word' id='word_1_232' title='bbox 312 2533 429 2603; x_wconf 87' lang='lat' dir='ltr'><strong>possint.</strong></span> <span class='ocrx_word' id='word_1_233' title='bbox 458 2550 524 2587; x_wconf 90' lang='lat' dir='ltr'><strong>nam</strong></span> <span class='ocrx_word' id='word_1_234' title='bbox 538 2531 659 2600; x_wconf 88' lang='lat' dir='ltr'><strong>primum</strong></span> <span class='ocrx_word' id='word_1_235' title='bbox 675 2531 707 2597; x_wconf 87' lang='lat' dir='ltr'><strong>X,</strong></span> <span class='ocrx_word' id='word_1_236' title='bbox 726 2538 757 2585; x_wconf 92' lang='lat'><strong>10</strong></span> <span class='ocrx_word' id='word_1_237' title='bbox 772 2531 873 2584; x_wconf 90' lang='lat' dir='ltr'><strong>nititur</strong></span> <span class='ocrx_word' id='word_1_238' title='bbox 887 2532 1077 2601; x_wconf 85' lang='lat' dir='ltr'><strong>propositione</strong></span> 
     </span>
     <span class='ocr_line' id='line_1_27' title="bbox 66 2610 1076 2683; baseline 0.002 -17"><span class='ocrx_word' id='word_1_239' title='bbox 66 2614 190 2683; x_wconf 60' lang='lat' dir='ltr'><strong>iequenti</strong></span> <span class='ocrx_word' id='word_1_240' title='bbox 211 2614 261 2683; x_wconf 92' lang='grc' dir='ltr'>(ΙΙΙ</span> <span class='ocrx_word' id='word_1_241' title='bbox 279 2631 306 2682; x_wconf 86' lang='lat' dir='ltr'><strong>p.</strong></span> <span class='ocrx_word' id='word_1_242' title='bbox 326 2620 370 2678; x_wconf 92' lang='grc'><strong>32,</strong></span> <span class='ocrx_word' id='word_1_243' title='bbox 389 2614 499 2681; x_wconf 61' lang='lat' dir='ltr'><strong>itaq),</strong></span> <span class='ocrx_word' id='word_1_244' title='bbox 519 2612 595 2679; x_wconf 91' lang='lat' dir='ltr'><strong>quod</strong></span> <span class='ocrx_word' id='word_1_245' title='bbox 615 2610 746 2666; x_wconf 81' lang='lat' dir='ltr'><strong>Euclides</strong></span> <span class='ocrx_word' id='word_1_246' title='bbox 766 2628 909 2678; x_wconf 87' lang='lat' dir='ltr'><strong>nunquam</strong></span> <span class='ocrx_word' id='word_1_247' title='bbox 930 2614 1076 2670; x_wconf 85' lang='lat' dir='ltr'><strong>commisit.</strong></span> 
     </span>
     <span class='ocr_line' id='line_1_28' title="bbox 66 2692 1077 2761; baseline 0.002 -16"><span class='ocrx_word' id='word_1_248' title='bbox 66 2694 162 2747; x_wconf 84' lang='lat' dir='ltr'><strong>deinde</strong></span> <span class='ocrx_word' id='word_1_249' title='bbox 177 2710 214 2747; x_wconf 88' lang='lat' dir='ltr'><strong>ne</strong></span> <span class='ocrx_word' id='word_1_250' title='bbox 229 2693 345 2746; x_wconf 90' lang='lat' dir='ltr'><strong>minima</strong></span> <span class='ocrx_word' id='word_1_251' title='bbox 360 2692 473 2761; x_wconf 88' lang='lat' dir='ltr'><strong>quidem</strong></span> <span class='ocrx_word' id='word_1_252' title='bbox 488 2695 634 2760; x_wconf 84' lang='grc'>66666666,</span> <span class='ocrx_word' id='word_1_253' title='bbox 650 2710 699 2746; x_wconf 92' lang='lat' dir='ltr'><strong>cur</strong></span> <span class='ocrx_word' id='word_1_254' title='bbox 708 2695 960 2746; x_wconf 88' lang='lat' dir='ltr'><strong>commemorentur</strong></span> <span class='ocrx_word' id='word_1_255' title='bbox 970 2695 1077 2749; x_wconf 86' lang='lat' dir='ltr'><strong>numeri</strong></span> 
     </span>
     <span class='ocr_line' id='line_1_29' title="bbox 67 2770 1075 2844; baseline 0.002 -18"><span class='ocrx_word' id='word_1_256' title='bbox 67 2774 137 2840; x_wconf 80' lang='lat' dir='ltr'><strong>plani</strong></span> <span class='ocrx_word' id='word_1_257' title='bbox 157 2789 215 2826; x_wconf 91' lang='lat' dir='ltr'><strong>non</strong></span> <span class='ocrx_word' id='word_1_258' title='bbox 234 2772 342 2826; x_wconf 86' lang='lat' dir='ltr'><strong>similes</strong></span> <span class='ocrx_word' id='word_1_259' title='bbox 361 2771 411 2839; x_wconf 91' lang='grc' dir='ltr'>(ΙΙΙ</span> <span class='ocrx_word' id='word_1_260' title='bbox 429 2789 455 2840; x_wconf 90' lang='lat' dir='ltr'><strong>p.</strong></span> <span class='ocrx_word' id='word_1_261' title='bbox 472 2777 514 2837; x_wconf 88' lang='grc'>30,</span> <span class='ocrx_word' id='word_1_262' title='bbox 530 2777 564 2824; x_wconf 90' lang='grc'>20</span> <span class='ocrx_word' id='word_1_263' title='bbox 574 2790 628 2841; x_wconf 85' lang='lat' dir='ltr'><strong>sq.;</strong></span> <span class='ocrx_word' id='word_1_264' title='bbox 649 2773 762 2839; x_wconf 73' lang='grc'>3213).</span> <span class='ocrx_word' id='word_1_265' title='bbox 792 2772 912 2839; x_wconf 88' lang='lat' dir='ltr'><strong>denique</strong></span> <span class='ocrx_word' id='word_1_266' title='bbox 929 2770 1075 2844; x_wconf 75' lang='grc' dir='ltr'><strong>ἐμάθομεν</strong></span> 
     </span>
     <span class='ocr_line' id='line_1_30' title="bbox 66 2849 1078 2921; baseline 0.002 -16"><span class='ocrx_word' id='word_1_267' title='bbox 66 2849 115 2918; x_wconf 70' lang='lat' dir='ltr'><strong>pio</strong></span> <span class='ocrx_word' id='word_1_268' title='bbox 134 2872 161 2921; x_wconf 88' lang='lat' dir='ltr'><strong>p.</strong></span> <span class='ocrx_word' id='word_1_269' title='bbox 181 2858 227 2919; x_wconf 88' lang='grc'><strong>32,</strong></span> <span class='ocrx_word' id='word_1_270' title='bbox 248 2858 281 2906; x_wconf 88' lang='grc'><strong>16</strong></span> <span class='ocrx_word' id='word_1_271' title='bbox 304 2851 418 2906; x_wconf 89' lang='lat' dir='ltr'><strong>lectoris</strong></span> <span class='ocrx_word' id='word_1_272' title='bbox 437 2866 549 2904; x_wconf 89' lang='lat' dir='ltr'><strong>manum</strong></span> <span class='ocrx_word' id='word_1_273' title='bbox 570 2851 699 2918; x_wconf 86' lang='lat' dir='ltr'><strong>produnt.</strong></span> <span class='ocrx_word' id='word_1_274' title='bbox 736 2850 791 2904; x_wconf 91' lang='lat' dir='ltr'><strong>huc</strong></span> <span class='ocrx_word' id='word_1_275' title='bbox 817 2852 939 2918; x_wconf 88' lang='lat' dir='ltr'><strong>adcedit,</strong></span> <span class='ocrx_word' id='word_1_276' title='bbox 963 2855 1078 2921; x_wconf 82' lang='lat' dir='ltr'><strong>qnodP</strong></span> 
     </span>
     <span class='ocr_line' id='line_1_31' title="bbox 67 2927 1078 3000; baseline 0.004 -16"><span class='ocrx_word' id='word_1_277' title='bbox 67 2950 80 2984; x_wconf 89' lang='grc'><strong>6</strong></span> <span class='ocrx_word' id='word_1_278' title='bbox 98 2949 181 2986; x_wconf 86' lang='lat' dir='ltr'><strong>manu</strong></span> <span class='ocrx_word' id='word_1_279' title='bbox 204 2939 217 2985; x_wconf 94' lang='lat'>1</span> <span class='ocrx_word' id='word_1_280' title='bbox 239 2931 267 2985; x_wconf 91' lang='lat' dir='ltr'><strong>in</strong></span> <span class='ocrx_word' id='word_1_281' title='bbox 287 2947 365 3000; x_wconf 87' lang='lat' dir='ltr'><strong>prop.</strong></span> <span class='ocrx_word' id='word_1_282' title='bbox 385 2930 424 2984; x_wconf 89' lang='lat' dir='ltr'>XI</span> <span class='ocrx_word' id='word_1_283' title='bbox 442 2946 588 2984; x_wconf 90' lang='lat' dir='ltr'><strong>nnmerum</strong></span> <span class='ocrx_word' id='word_1_284' title='bbox 608 2927 631 2982; x_wconf 82' lang='lat' dir='ltr'><strong>r&#39;</strong></span> <span class='ocrx_word' id='word_1_285' title='bbox 651 2931 751 2998; x_wconf 88' lang='lat' dir='ltr'><strong>habet,</strong></span> <span class='ocrx_word' id='word_1_286' title='bbox 771 2948 825 2985; x_wconf 90' lang='grc'><strong>666</strong></span> <span class='ocrx_word' id='word_1_287' title='bbox 845 2929 897 2998; x_wconf 83' lang='grc' dir='ltr'>ια’,</span> <span class='ocrx_word' id='word_1_288' title='bbox 920 2935 993 2987; x_wconf 87' lang='grc'>6666</span> <span class='ocrx_word' id='word_1_289' title='bbox 1013 2951 1078 2988; x_wconf 86' lang='grc'>666-</span> 
     </span>
     <span class='ocr_line' id='line_1_32' title="bbox 67 3009 1079 3082; baseline 0.002 -19"><span class='ocrx_word' id='word_1_290' title='bbox 67 3011 136 3066; x_wconf 87' lang='lat' dir='ltr'><strong>cludi</strong></span> <span class='ocrx_word' id='word_1_291' title='bbox 147 3029 230 3082; x_wconf 86' lang='lat' dir='ltr'><strong>posse</strong></span> <span class='ocrx_word' id='word_1_292' title='bbox 241 3011 364 3075; x_wconf 88' lang='lat' dir='ltr'><strong>uidetur,</strong></span> <span class='ocrx_word' id='word_1_293' title='bbox 373 3009 485 3080; x_wconf 87' lang='lat' dir='ltr'><strong>prop.X</strong></span> <span class='ocrx_word' id='word_1_294' title='bbox 495 3011 562 3064; x_wconf 90' lang='lat' dir='ltr'><strong>olim</strong></span> <span class='ocrx_word' id='word_1_295' title='bbox 571 3027 688 3064; x_wconf 91' lang='lat' dir='ltr'><strong>numero</strong></span> <span class='ocrx_word' id='word_1_296' title='bbox 699 3027 748 3064; x_wconf 91' lang='lat' dir='ltr'><strong>suo</strong></span> <span class='ocrx_word' id='word_1_297' title='bbox 758 3011 886 3065; x_wconf 84' lang='lat' dir='ltr'><strong>caruisse.</strong></span> <span class='ocrx_word' id='word_1_298' title='bbox 901 3016 1079 3067; x_wconf 88' lang='lat' dir='ltr'><strong>remoueatur</strong></span> 
     </span>
     <span class='ocr_line' id='line_1_33' title="bbox 66 3089 1001 3161; baseline 0.003 -19"><span class='ocrx_word' id='word_1_299' title='bbox 66 3091 148 3161; x_wconf 76' lang='lat' dir='ltr'><strong>igitur</strong></span> <span class='ocrx_word' id='word_1_300' title='bbox 168 3108 234 3145; x_wconf 88' lang='lat' dir='ltr'><strong>cum</strong></span> <span class='ocrx_word' id='word_1_301' title='bbox 253 3092 388 3145; x_wconf 83' lang='lat' dir='ltr'><strong>lemmate</strong></span> <span class='ocrx_word' id='word_1_302' title='bbox 408 3107 457 3144; x_wconf 92' lang='grc'><strong>666</strong></span> <span class='ocrx_word' id='word_1_303' title='bbox 476 3089 512 3143; x_wconf 87' lang='lat' dir='ltr'><strong>ab</strong></span> <span class='ocrx_word' id='word_1_304' title='bbox 531 3090 700 3153; x_wconf 79' lang='lat' dir='ltr'><strong>Elementis3</strong></span> <span class='ocrx_word' id='word_1_305' title='bbox 720 3105 802 3143; x_wconf 89' lang='lat' dir='ltr'><strong>nemo</strong></span> <span class='ocrx_word' id='word_1_306' title='bbox 823 3091 1001 3145; x_wconf 87' lang='lat' dir='ltr'><strong>desiderabit.</strong></span> 
     </span>
     <span class='ocr_line' id='line_1_34' title="bbox 131 3168 1080 3239; baseline 0 -15"><span class='ocrx_word' id='word_1_307' title='bbox 131 3171 278 3225; x_wconf 83' lang='lat' dir='ltr'><strong>lemmatis</strong></span> <span class='ocrx_word' id='word_1_308' title='bbox 306 3168 484 3237; x_wconf 87' lang='lat' dir='ltr'><strong>interpolatis</strong></span> <span class='ocrx_word' id='word_1_309' title='bbox 512 3170 598 3223; x_wconf 89' lang='lat' dir='ltr'><strong>etiam</strong></span> <span class='ocrx_word' id='word_1_310' title='bbox 626 3169 796 3238; x_wconf 87' lang='lat' dir='ltr'><strong>propositio,</strong></span> <span class='ocrx_word' id='word_1_311' title='bbox 825 3187 897 3238; x_wconf 88' lang='lat' dir='ltr'><strong>quae</strong></span> <span class='ocrx_word' id='word_1_312' title='bbox 926 3172 1011 3239; x_wconf 82' lang='lat' dir='ltr'><strong>uulgo</strong></span> <span class='ocrx_word' id='word_1_313' title='bbox 1037 3173 1080 3224; x_wconf 87' lang='lat' dir='ltr'><strong>cst</strong></span> 
     </span>
     <span class='ocr_line' id='line_1_35' title="bbox 66 3248 1079 3317; baseline 0 -15"><span class='ocrx_word' id='word_1_314' title='bbox 66 3250 107 3317; x_wconf 74' lang='lat'><strong>11,</strong></span> <span class='ocrx_word' id='word_1_315' title='bbox 126 3257 175 3315; x_wconf 89' lang='grc'><strong>38,</strong></span> <span class='ocrx_word' id='word_1_316' title='bbox 194 3248 409 3303; x_wconf 82' lang='lat' dir='ltr'><strong>adnumeranda</strong></span> <span class='ocrx_word' id='word_1_317' title='bbox 427 3251 471 3302; x_wconf 89' lang='lat' dir='ltr'><strong>eet</strong></span> <span class='ocrx_word' id='word_1_318' title='bbox 488 3249 538 3317; x_wconf 87' lang='lat' dir='ltr'><strong>(IV</strong></span> <span class='ocrx_word' id='word_1_319' title='bbox 558 3265 621 3316; x_wconf 90' lang='lat' dir='ltr'><strong>app.</strong></span> <span class='ocrx_word' id='word_1_320' title='bbox 642 3255 657 3301; x_wconf 89' lang='grc'>3</span> <span class='ocrx_word' id='word_1_321' title='bbox 677 3266 703 3316; x_wconf 89' lang='lat' dir='ltr'><strong>p.</strong></span> <span class='ocrx_word' id='word_1_322' title='bbox 724 3250 800 3317; x_wconf 81' lang='lat'>354);</span> <span class='ocrx_word' id='word_1_323' title='bbox 820 3252 862 3301; x_wconf 90' lang='lat' dir='ltr'><strong>est</strong></span> <span class='ocrx_word' id='word_1_324' title='bbox 883 3248 955 3301; x_wconf 83' lang='lat' dir='ltr'><strong>enim</strong></span> <span class='ocrx_word' id='word_1_325' title='bbox 976 3250 1079 3302; x_wconf 84' lang='lat' dir='ltr'><strong>lemma</strong></span> 
     </span>
     <span class='ocr_line' id='line_1_36' title="bbox 66 3326 1079 3400; baseline -0.003 -18"><span class='ocrx_word' id='word_1_326' title='bbox 66 3331 98 3382; x_wconf 83' lang='lat' dir='ltr'><strong>ad</strong></span> <span class='ocrx_word' id='word_1_327' title='bbox 111 3331 170 3395; x_wconf 82' lang='lat' dir='ltr'><strong>Xll,</strong></span> <span class='ocrx_word' id='word_1_328' title='bbox 187 3336 220 3383; x_wconf 77' lang='lat'><strong>17</strong></span> <span class='ocrx_word' id='word_1_329' title='bbox 236 3349 263 3400; x_wconf 91' lang='lat' dir='ltr'><strong>p.</strong></span> <span class='ocrx_word' id='word_1_330' title='bbox 274 3335 337 3395; x_wconf 89' lang='grc'>232,</span> <span class='ocrx_word' id='word_1_331' title='bbox 352 3334 395 3384; x_wconf 88' lang='grc'>20.</span> <span class='ocrx_word' id='word_1_332' title='bbox 425 3328 474 3382; x_wconf 86' lang='lat' dir='ltr'><strong>aed</strong></span> <span class='ocrx_word' id='word_1_333' title='bbox 489 3327 550 3381; x_wconf 91' lang='lat' dir='ltr'><strong>inb</strong></span> <span class='ocrx_word' id='word_1_334' title='bbox 569 3329 656 3394; x_wconf 87' lang='lat' dir='ltr'><strong>deest,</strong></span> <span class='ocrx_word' id='word_1_335' title='bbox 676 3329 705 3379; x_wconf 86' lang='lat' dir='ltr'><strong>et</strong></span> <span class='ocrx_word' id='word_1_336' title='bbox 718 3326 775 3380; x_wconf 88' lang='lat' dir='ltr'><strong>iam</strong></span> <span class='ocrx_word' id='word_1_337' title='bbox 791 3327 922 3381; x_wconf 87' lang='lat' dir='ltr'><strong>librarius</strong></span> <span class='ocrx_word' id='word_1_338' title='bbox 937 3327 1042 3381; x_wconf 85' lang='lat' dir='ltr'><strong>codicis</strong></span> <span class='ocrx_word' id='word_1_339' title='bbox 1058 3327 1079 3379; x_wconf 95' lang='lat' dir='ltr'>P</span> 
     </span>
    </p>
   </div>
   <div class='ocr_carea' id='block_1_5' title="bbox 69 3460 1079 3959">
    <p class='ocr_par' dir='ltr' id='par_1_5' title="bbox 69 3460 1078 3744">
     <span class='ocr_line' id='line_1_37' title="bbox 69 3460 1078 3528; baseline -0.003 -13"><span class='ocrx_word' id='word_1_340' title='bbox 69 3481 116 3518; x_wconf 91' lang='lat' dir='ltr'><strong>non</strong></span> <span class='ocrx_word' id='word_1_341' title='bbox 136 3463 252 3526; x_wconf 85' lang='lat' dir='ltr'><strong>babuit;</strong></span> <span class='ocrx_word' id='word_1_342' title='bbox 280 3465 342 3517; x_wconf 88' lang='lat' dir='ltr'><strong>tum</strong></span> <span class='ocrx_word' id='word_1_343' title='bbox 366 3462 441 3515; x_wconf 91' lang='lat' dir='ltr'><strong>enim</strong></span> <span class='ocrx_word' id='word_1_344' title='bbox 460 3461 655 3515; x_wconf 83' lang='lat' dir='ltr'><strong>additamento</strong></span> <span class='ocrx_word' id='word_1_345' title='bbox 674 3460 746 3514; x_wconf 88' lang='lat' dir='ltr'><strong>nihil</strong></span> <span class='ocrx_word' id='word_1_346' title='bbox 771 3477 840 3528; x_wconf 88' lang='lat' dir='ltr'><strong>opus</strong></span> <span class='ocrx_word' id='word_1_347' title='bbox 860 3464 928 3513; x_wconf 88' lang='lat' dir='ltr'><strong>crat.</strong></span> <span class='ocrx_word' id='word_1_348' title='bbox 966 3460 1078 3513; x_wconf 90' lang='lat' dir='ltr'><strong>omnino</strong></span> 
     </span>
     <span class='ocr_line' id='line_1_38' title="bbox 69 3530 1078 3601; baseline -0.002 -15"><span class='ocrx_word' id='word_1_349' title='bbox 69 3540 158 3589; x_wconf 74' lang='grc'>666666</span> <span class='ocrx_word' id='word_1_350' title='bbox 176 3535 248 3588; x_wconf 89' lang='lat' dir='ltr'><strong>haec</strong></span> <span class='ocrx_word' id='word_1_351' title='bbox 268 3533 405 3587; x_wconf 88' lang='lat' dir='ltr'><strong>lemmata</strong></span> <span class='ocrx_word' id='word_1_352' title='bbox 423 3531 526 3586; x_wconf 79' lang='lat' dir='ltr'><strong>adferri</strong></span> <span class='ocrx_word' id='word_1_353' title='bbox 546 3533 647 3601; x_wconf 88' lang='lat' dir='ltr'><strong>potest,</strong></span> <span class='ocrx_word' id='word_1_354' title='bbox 666 3530 811 3584; x_wconf 86' lang='lat' dir='ltr'><strong>Euclidem</strong></span> <span class='ocrx_word' id='word_1_355' title='bbox 830 3530 859 3583; x_wconf 89' lang='lat' dir='ltr'><strong>in</strong></span> <span class='ocrx_word' id='word_1_356' title='bbox 879 3531 957 3583; x_wconf 85' lang='lat' dir='ltr'><strong>libris</strong></span> <span class='ocrx_word' id='word_1_357' title='bbox 977 3533 1078 3584; x_wconf 85' lang='lat' dir='ltr'><strong>sterco-</strong></span> 
     </span>
     <span class='ocr_line' id='line_1_39' title="bbox 71 3601 1078 3667; baseline -0.003 -9"><span class='ocrx_word' id='word_1_358' title='bbox 71 3606 186 3660; x_wconf 86' lang='lat' dir='ltr'><strong>netricis</strong></span> <span class='ocrx_word' id='word_1_359' title='bbox 208 3604 299 3658; x_wconf 89' lang='lat' dir='ltr'><strong>multa</strong></span> <span class='ocrx_word' id='word_1_360' title='bbox 318 3606 404 3657; x_wconf 88' lang='lat' dir='ltr'><strong>etiam</strong></span> <span class='ocrx_word' id='word_1_361' title='bbox 425 3601 584 3657; x_wconf 83' lang='lat' dir='ltr'><strong>difficiliora</strong></span> <span class='ocrx_word' id='word_1_362' title='bbox 598 3603 656 3655; x_wconf 91' lang='lat' dir='ltr'><strong>sine</strong></span> <span class='ocrx_word' id='word_1_363' title='bbox 671 3602 908 3656; x_wconf 85' lang='lat' dir='ltr'><strong>demonstratione</strong></span> <span class='ocrx_word' id='word_1_364' title='bbox 924 3603 1078 3667; x_wconf 79' lang='lat' dir='ltr'><strong>adsumere,</strong></span> 
     </span>
     <span class='ocr_line' id='line_1_40' title="bbox 71 3674 589 3744; baseline 0 -18"><span class='ocrx_word' id='word_1_365' title='bbox 71 3692 91 3726; x_wconf 91' lang='grc'><strong>6.</strong></span> <span class='ocrx_word' id='word_1_366' title='bbox 109 3678 186 3731; x_wconf 80' lang='lat' dir='ltr'><strong>uerbi</strong></span> <span class='ocrx_word' id='word_1_367' title='bbox 205 3692 292 3731; x_wconf 80' lang='lat' dir='ltr'><strong>causa</strong></span> <span class='ocrx_word' id='word_1_368' title='bbox 310 3674 349 3727; x_wconf 89' lang='lat' dir='ltr'><strong>IV</strong></span> <span class='ocrx_word' id='word_1_369' title='bbox 368 3693 395 3744; x_wconf 85' lang='lat' dir='ltr'><strong>p.</strong></span> <span class='ocrx_word' id='word_1_370' title='bbox 415 3680 467 3729; x_wconf 85' lang='grc'><strong>239</strong></span> <span class='ocrx_word' id='word_1_371' title='bbox 487 3680 544 3727; x_wconf 86' lang='grc'>666.</span> <span class='ocrx_word' id='word_1_372' title='bbox 566 3680 589 3726; x_wconf 90' lang='grc'>1.</span> 
     </span>
    </p>

    <p class='ocr_par' dir='ltr' id='par_1_6' title="bbox 74 3742 1079 3959">
     <span class='ocr_line' id='line_1_41' title="bbox 133 3742 1079 3817; baseline -0.006 -17"><span class='ocrx_word' id='word_1_373' title='bbox 133 3753 158 3814; x_wconf 57' lang='grc'><strong>’6)</strong></span> <span class='ocrx_word' id='word_1_374' title='bbox 178 3749 251 3817; x_wconf 78' lang='lat' dir='ltr'><strong>App.</strong></span> <span class='ocrx_word' id='word_1_375' title='bbox 273 3753 290 3800; x_wconf 91' lang='grc'>8</span> <span class='ocrx_word' id='word_1_376' title='bbox 309 3747 339 3800; x_wconf 91' lang='lat' dir='ltr'><strong>in</strong></span> <span class='ocrx_word' id='word_1_377' title='bbox 359 3746 425 3800; x_wconf 90' lang='lat' dir='ltr'><strong>solis</strong></span> <span class='ocrx_word' id='word_1_378' title='bbox 445 3746 497 3799; x_wconf 83' lang='lat' dir='ltr'><strong>PV</strong></span> <span class='ocrx_word' id='word_1_379' title='bbox 518 3747 561 3798; x_wconf 91' lang='lat' dir='ltr'><strong>est</strong></span> <span class='ocrx_word' id='word_1_380' title='bbox 580 3744 612 3813; x_wconf 92' lang='lat' dir='ltr'><strong>(B</strong></span> <span class='ocrx_word' id='word_1_381' title='bbox 632 3762 667 3798; x_wconf 86' lang='lat' dir='ltr'><strong>m.</strong></span> <span class='ocrx_word' id='word_1_382' title='bbox 688 3745 715 3809; x_wconf 91' lang='grc'>2)</span> <span class='ocrx_word' id='word_1_383' title='bbox 741 3746 769 3796; x_wconf 91' lang='grc'><strong>66</strong></span> <span class='ocrx_word' id='word_1_384' title='bbox 788 3742 824 3795; x_wconf 88' lang='grc'><strong>66</strong></span> <span class='ocrx_word' id='word_1_385' title='bbox 843 3758 906 3812; x_wconf 87' lang='lat' dir='ltr'><strong>app.</strong></span> <span class='ocrx_word' id='word_1_386' title='bbox 928 3749 943 3796; x_wconf 92' lang='grc'><strong>6</strong></span> <span class='ocrx_word' id='word_1_387' title='bbox 962 3743 1079 3810; x_wconf 84' lang='lat' dir='ltr'><strong>respicit</strong></span> 
     </span>
     <span class='ocr_line' id='line_1_42' title="bbox 74 3814 1079 3887; baseline -0.004 -19"><span class='ocrx_word' id='word_1_388' title='bbox 74 3828 102 3868; x_wconf 88' lang='grc'><strong>’6,</strong></span> <span class='ocrx_word' id='word_1_389' title='bbox 120 3838 144 3887; x_wconf 86' lang='lat' dir='ltr'><strong>p.</strong></span> <span class='ocrx_word' id='word_1_390' title='bbox 163 3824 216 3873; x_wconf 87' lang='grc'><strong>386</strong></span> <span class='ocrx_word' id='word_1_391' title='bbox 240 3821 328 3886; x_wconf 84' lang='grc'>666.);</span> <span class='ocrx_word' id='word_1_392' title='bbox 358 3833 421 3886; x_wconf 89' lang='lat' dir='ltr'><strong>app.</strong></span> <span class='ocrx_word' id='word_1_393' title='bbox 445 3823 460 3870; x_wconf 89' lang='grc'>0</span> <span class='ocrx_word' id='word_1_394' title='bbox 484 3832 586 3870; x_wconf 90' lang='lat' dir='ltr'><strong>nomen</strong></span> <span class='ocrx_word' id='word_1_395' title='bbox 610 3814 734 3867; x_wconf 86' lang='lat' dir='ltr'><strong>Euclidis</strong></span> <span class='ocrx_word' id='word_1_396' title='bbox 758 3831 793 3867; x_wconf 88' lang='lat' dir='ltr'><strong>ne</strong></span> <span class='ocrx_word' id='word_1_397' title='bbox 817 3814 941 3867; x_wconf 84' lang='lat' dir='ltr'><strong>adl&#39;cctat</strong></span> <span class='ocrx_word' id='word_1_398' title='bbox 965 3815 1079 3881; x_wconf 86' lang='lat' dir='ltr'><strong>quidem</strong></span> 
     </span>
     <span class='ocr_line' id='line_1_43' title="bbox 75 3891 356 3959; baseline -0.036 -10"><span class='ocrx_word' id='word_1_399' title='bbox 75 3895 157 3949; x_wconf 65' lang='lat' dir='ltr'><strong>taust</strong></span> <span class='ocrx_word' id='word_1_400' title='bbox 171 3909 198 3959; x_wconf 85' lang='lat' dir='ltr'><strong>p.</strong></span> <span class='ocrx_word' id='word_1_401' title='bbox 219 3894 281 3955; x_wconf 85' lang='grc'>362,</span> <span class='ocrx_word' id='word_1_402' title='bbox 304 3891 356 3955; x_wconf 80' lang='grc'>14).</span> 
     </span>
    </p>
   </div>
   <div class='ocr_carea' id='block_1_6' title="bbox 121 3972 922 4039">
    <p class='ocr_par' dir='ltr' id='par_1_7' title="bbox 121 3972 922 4039">
     <span class='ocr_line' id='line_1_44' title="bbox 121 3972 922 4039; baseline -0.005 -13"><span class='ocrx_word' id='word_1_403' title='bbox 121 3989 267 4039; x_wconf 75' lang='lat' dir='ltr'><strong>Euclides,</strong></span> <span class='ocrx_word' id='word_1_404' title='bbox 281 3988 333 4029; x_wconf 82' lang='lat' dir='ltr'><strong>edd.</strong></span> <span class='ocrx_word' id='word_1_405' title='bbox 349 3987 451 4036; x_wconf 79' lang='lat' dir='ltr'><strong>Hctborg</strong></span> <span class='ocrx_word' id='word_1_406' title='bbox 466 3989 488 4026; x_wconf 84' lang='lat' dir='ltr'><strong>et</strong></span> <span class='ocrx_word' id='word_1_407' title='bbox 503 3985 590 4034; x_wconf 64' lang='grc'>6116666.</span> <span class='ocrx_word' id='word_1_408' title='bbox 616 3985 641 4022; x_wconf 83' lang='lat' dir='ltr'><strong>l&#39;.</strong></span> <span class='ocrx_word' id='word_1_409' title='bbox 910 3972 922 4023; x_wconf 81' lang='lat' dir='ltr'><strong>f</strong></span> 
     </span>
    </p>
   </div>
   <div class='ocr_carea' id='block_1_7' title="bbox 0 0 1219 4320">
    <p class='ocr_par' dir='ltr' id='par_1_8' title="bbox 0 0 1219 4320">
     <span class='ocr_line' id='line_1_45' title="bbox 0 0 1219 4320; baseline 0 0"><span class='ocrx_word' id='word_1_410' title='bbox 0 0 1219 4320; x_wconf 95' lang='lat' dir='ltr'><strong> </strong></span> 
     </span>
    </p>
   </div>
  </div>
 </body>
</html>
