<?xml version="1.0" encoding="UTF-8"?>
<!DOCTYPE html PUBLIC "-//W3C//DTD XHTML 1.0 Transitional//EN"
    "http://www.w3.org/TR/xhtml1/DTD/xhtml1-transitional.dtd">
<html xmlns="http://www.w3.org/1999/xhtml" xml:lang="en" lang="en">
 <head>
  <title>
</title>
<meta http-equiv="Content-Type" content="text/html;charset=utf-8" />
  <meta name='ocr-system' content='tesseract 3.04.00' />
  <meta name='ocr-capabilities' content='ocr_page ocr_carea ocr_par ocr_line ocrx_word'/>
</head>
<body>
  <div class='ocr_page' id='page_1' title='image "./euclidisoperaom10unkngoog_0247.png"; bbox 0 0 2414 4236; ppageno 0'>
   <div class='ocr_carea' id='block_1_1' title="bbox 126 495 978 589">
    <p class='ocr_par' dir='ltr' id='par_1_1' title="bbox 126 495 978 589">
     <span class='ocr_line' id='line_1_1' title="bbox 126 495 978 589; baseline -0.006 -8"><span class='ocrx_word' id='word_1_1' title='bbox 126 525 191 589; x_wconf 85' lang='lat'><strong><em>118</em></strong></span> <span class='ocrx_word' id='word_1_2' title='bbox 277 495 433 578; x_wconf 75' lang='grc' dir='ltr'><strong><em>εοειοειι</em></strong></span> <span class='ocrx_word' id='word_1_3' title='bbox 451 526 491 577; x_wconf 78' lang='lat' dir='ltr'><strong>m</strong></span> <span class='ocrx_word' id='word_1_4' title='bbox 509 522 784 575; x_wconf 70' lang='grc' dir='ltr'><strong><em>εειιιεεινοεισιι</em></strong></span> <span class='ocrx_word' id='word_1_5' title='bbox 802 522 941 575; x_wconf 73' lang='grc' dir='ltr'><strong><em>ειεεοιι</em></strong></span> <span class='ocrx_word' id='word_1_6' title='bbox 954 522 978 576; x_wconf 91' lang='lat'><strong><em>1.</em></strong></span> 
     </span>
    </p>
   </div>
   <div class='ocr_carea' id='block_1_2' title="bbox 70 682 1144 3441">
    <p class='ocr_par' dir='ltr' id='par_1_2' title="bbox 507 682 757 769">
     <span class='ocr_line' id='line_1_2' title="bbox 507 682 757 769; baseline -0.004 -20"><span class='ocrx_word' id='word_1_7' title='bbox 507 684 564 749; x_wconf 82' lang='lat' dir='ltr'><strong><em>Ad</em></strong></span> <span class='ocrx_word' id='word_1_8' title='bbox 587 706 692 769; x_wconf 90' lang='lat' dir='ltr'><strong>prop.</strong></span> <span class='ocrx_word' id='word_1_9' title='bbox 714 682 757 749; x_wconf 86' lang='grc' dir='ltr'><strong><em>ΙΙ.</em></strong></span> 
     </span>
    </p>

    <p class='ocr_par' dir='ltr' id='par_1_3' title="bbox 125 802 1144 1111">
     <span class='ocr_line' id='line_1_3' title="bbox 191 802 1142 894; baseline -0.004 -19"><span class='ocrx_word' id='word_1_10' title='bbox 191 811 243 875; x_wconf 82' lang='lat'><strong><em>24.</em></strong></span> <span class='ocrx_word' id='word_1_11' title='bbox 280 809 355 874; x_wconf 79' lang='grc' dir='ltr'><strong><em>Τῶν</em></strong></span> <span class='ocrx_word' id='word_1_12' title='bbox 378 806 624 894; x_wconf 82' lang='grc' dir='ltr'><em>προβλημάτων</em></span> <span class='ocrx_word' id='word_1_13' title='bbox 646 804 687 873; x_wconf 89' lang='grc' dir='ltr'><strong><em>τά</em></strong></span> <span class='ocrx_word' id='word_1_14' title='bbox 709 804 772 892; x_wconf 73' lang='grc' dir='ltr'><strong><em>μὲν</em></strong></span> <span class='ocrx_word' id='word_1_15' title='bbox 799 802 934 873; x_wconf 83' lang='grc' dir='ltr'><strong><em>ἀπττοτά</em></strong></span> <span class='ocrx_word' id='word_1_16' title='bbox 961 805 1070 890; x_wconf 77' lang='grc' dir='ltr'><strong><em>ἐστιν,</em></strong></span> <span class='ocrx_word' id='word_1_17' title='bbox 1097 802 1142 871; x_wconf 73' lang='grc' dir='ltr'><strong><em>τδι</em></strong></span> 
     </span>
     <span class='ocr_line' id='line_1_4' title="bbox 125 904 1144 999; baseline -0.004 -17"><span class='ocrx_word' id='word_1_18' title='bbox 125 914 161 982; x_wconf 73' lang='grc' dir='ltr'><strong><em>δέ</em></strong></span> <span class='ocrx_word' id='word_1_19' title='bbox 180 912 387 983; x_wconf 84' lang='grc' dir='ltr'><strong><em>πολύπτωτα.</em></strong></span> <span class='ocrx_word' id='word_1_20' title='bbox 417 919 508 982; x_wconf 81' lang='grc' dir='ltr'><strong><em>ἔστιν</em></strong></span> <span class='ocrx_word' id='word_1_21' title='bbox 528 904 591 981; x_wconf 90' lang='grc' dir='ltr'><strong><em>οὐν</em></strong></span> <span class='ocrx_word' id='word_1_22' title='bbox 610 910 648 981; x_wconf 89' lang='grc' dir='ltr'><strong><em>τὸ</em></strong></span> <span class='ocrx_word' id='word_1_23' title='bbox 667 910 702 997; x_wconf 88' lang='grc' dir='ltr'><strong><em>β’</em></strong></span> <span class='ocrx_word' id='word_1_24' title='bbox 716 910 894 999; x_wconf 91' lang='grc' dir='ltr'><strong><em>πρόβλημα</em></strong></span> <span class='ocrx_word' id='word_1_25' title='bbox 910 908 1144 979; x_wconf 87' lang='grc' dir='ltr'><strong><em>πολύπτωτον.</em></strong></span> 
     </span>
     <span class='ocr_line' id='line_1_5' title="bbox 126 1016 1143 1111; baseline -0.004 -23"><span class='ocrx_word' id='word_1_26' title='bbox 126 1023 260 1090; x_wconf 85' lang='grc' dir='ltr'><strong><em>δέδοται</em></strong></span> <span class='ocrx_word' id='word_1_27' title='bbox 284 1022 320 1087; x_wconf 86' lang='grc' dir='ltr'><strong><em>έν</em></strong></span> <span class='ocrx_word' id='word_1_28' title='bbox 339 1020 428 1111; x_wconf 77' lang='grc' dir='ltr'><strong><em>αὐτῷ</em></strong></span> <span class='ocrx_word' id='word_1_29' title='bbox 447 1016 485 1087; x_wconf 85' lang='grc' dir='ltr'><strong><em>τὸ</em></strong></span> <span class='ocrx_word' id='word_1_30' title='bbox 505 1016 566 1104; x_wconf 74' lang='grc' dir='ltr'><strong><em>μὲν</em></strong></span> <span class='ocrx_word' id='word_1_31' title='bbox 585 1030 725 1104; x_wconf 80' lang='grc' dir='ltr'><strong><em>σημεῖον</em></strong></span> <span class='ocrx_word' id='word_1_32' title='bbox 743 1028 783 1106; x_wconf 75' lang='grc' dir='ltr'><strong><em>τῇ</em></strong></span> <span class='ocrx_word' id='word_1_33' title='bbox 802 1017 908 1103; x_wconf 88' lang='grc' dir='ltr'><strong><em>θέσει,</em></strong></span> <span class='ocrx_word' id='word_1_34' title='bbox 930 1017 986 1085; x_wconf 81' lang='grc' dir='ltr'><strong><em>ιιαλ</em></strong></span> <span class='ocrx_word' id='word_1_35' title='bbox 1006 1019 1143 1085; x_wconf 91' lang='grc' dir='ltr'><strong><em>δίδοται</em></strong></span> 
     </span>
    </p>

    <p class='ocr_par' dir='ltr' id='par_1_4' title="bbox 70 1121 1144 3441">
     <span class='ocr_line' id='line_1_6' title="bbox 89 1121 1143 1214; baseline -0.004 -20"><span class='ocrx_word' id='word_1_36' title='bbox 89 1124 145 1214; x_wconf 75' lang='grc' dir='ltr'><strong><em>δή</em></strong></span> <span class='ocrx_word' id='word_1_37' title='bbox 175 1125 309 1211; x_wconf 82' lang='grc' dir='ltr'><strong><em>εὐθεῖα,</em></strong></span> <span class='ocrx_word' id='word_1_38' title='bbox 343 1132 482 1210; x_wconf 81' lang='grc' dir='ltr'><strong><em>ζητεῖται</em></strong></span> <span class='ocrx_word' id='word_1_39' title='bbox 512 1123 548 1192; x_wconf 78' lang='grc' dir='ltr'><strong><em>δέ</em></strong></span> <span class='ocrx_word' id='word_1_40' title='bbox 575 1122 678 1213; x_wconf 86' lang='grc' dir='ltr'><strong><em>ταύτη</em></strong></span> <span class='ocrx_word' id='word_1_41' title='bbox 706 1128 746 1213; x_wconf 75' lang='grc' dir='ltr'><strong><em>τῇ</em></strong></span> <span class='ocrx_word' id='word_1_42' title='bbox 769 1121 889 1214; x_wconf 83' lang='grc' dir='ltr'><strong><em>εὐθείῳ</em></strong></span> <span class='ocrx_word' id='word_1_43' title='bbox 910 1132 988 1211; x_wconf 89' lang='grc' dir='ltr'><strong><em>ίσην</em></strong></span> <span class='ocrx_word' id='word_1_44' title='bbox 1010 1124 1143 1191; x_wconf 86' lang='grc' dir='ltr'><strong><em>θέσθαι</em></strong></span> 
     </span>
     <span class='ocr_line' id='line_1_7' title="bbox 124 1222 1144 1324; baseline -0.001 -24"><span class='ocrx_word' id='word_1_45' title='bbox 124 1233 207 1319; x_wconf 90' lang='grc' dir='ltr'><strong><em>πρὸς</em></strong></span> <span class='ocrx_word' id='word_1_46' title='bbox 238 1236 283 1324; x_wconf 81' lang='grc' dir='ltr'><strong><em>τῳ</em></strong></span> <span class='ocrx_word' id='word_1_47' title='bbox 317 1237 457 1322; x_wconf 90' lang='grc' dir='ltr'><strong><em>σημείῳ,</em></strong></span> <span class='ocrx_word' id='word_1_48' title='bbox 490 1228 577 1300; x_wconf 81' lang='grc' dir='ltr'><strong><em>ὅπου</em></strong></span> <span class='ocrx_word' id='word_1_49' title='bbox 609 1227 683 1299; x_wconf 85' lang='grc' dir='ltr'><strong><em>ποτ’</em></strong></span> <span class='ocrx_word' id='word_1_50' title='bbox 713 1226 757 1298; x_wconf 87' lang='grc' dir='ltr'><strong><em>ἀν</em></strong></span> <span class='ocrx_word' id='word_1_51' title='bbox 788 1222 811 1319; x_wconf 82' lang='grc' dir='ltr'><strong><em>ή</em></strong></span> <span class='ocrx_word' id='word_1_52' title='bbox 842 1232 942 1299; x_wconf 84' lang='grc' dir='ltr'><strong><em>τοῦτο</em></strong></span> <span class='ocrx_word' id='word_1_53' title='bbox 974 1234 1144 1317; x_wconf 80' lang='grc' dir='ltr'><strong><em>κείμενον.</em></strong></span> 
     </span>
     <span class='ocr_line' id='line_1_8' title="bbox 124 1332 1142 1429; baseline -0.004 -22"><span class='ocrx_word' id='word_1_54' title='bbox 124 1338 296 1426; x_wconf 88' lang='grc' dir='ltr'><strong><em>πρόδηλον</em></strong></span> <span class='ocrx_word' id='word_1_55' title='bbox 321 1340 373 1422; x_wconf 88' lang='grc' dir='ltr'><strong><em>δέ,</em></strong></span> <span class='ocrx_word' id='word_1_56' title='bbox 401 1335 451 1405; x_wconf 82' lang='grc' dir='ltr'><strong><em>ὅτι</em></strong></span> <span class='ocrx_word' id='word_1_57' title='bbox 474 1338 608 1415; x_wconf 84' lang='grc' dir='ltr'><strong><em>πάντας</em></strong></span> <span class='ocrx_word' id='word_1_58' title='bbox 630 1337 667 1405; x_wconf 84' lang='grc' dir='ltr'><strong><em>έν</em></strong></span> <span class='ocrx_word' id='word_1_59' title='bbox 690 1340 736 1427; x_wconf 78' lang='grc' dir='ltr'><strong><em>τῷ</em></strong></span> <span class='ocrx_word' id='word_1_60' title='bbox 759 1332 967 1429; x_wconf 70' lang='grc' dir='ltr'><strong><em>ὑποκειμένῳ</em></strong></span> <span class='ocrx_word' id='word_1_61' title='bbox 993 1337 1142 1428; x_wconf 76' lang='grc' dir='ltr'><strong><em>ἐπιπέδῳ</em></strong></span> 
     </span>
     <span class='ocr_line' id='line_1_9' title="bbox 124 1434 1142 1535; baseline -0.001 -23"><span class='ocrx_word' id='word_1_62' title='bbox 124 1443 161 1513; x_wconf 89' lang='grc' dir='ltr'><strong><em>τὸ</em></strong></span> <span class='ocrx_word' id='word_1_63' title='bbox 181 1444 319 1532; x_wconf 77' lang='grc' dir='ltr'><strong><em>σημεῖόν</em></strong></span> <span class='ocrx_word' id='word_1_64' title='bbox 339 1447 440 1528; x_wconf 84' lang='grc' dir='ltr'><strong><em>ἐστιν,</em></strong></span> <span class='ocrx_word' id='word_1_65' title='bbox 464 1445 501 1511; x_wconf 86' lang='grc' dir='ltr'><strong><em>έν</em></strong></span> <span class='ocrx_word' id='word_1_66' title='bbox 520 1434 548 1535; x_wconf 77' lang='grc' dir='ltr'><em>ᾦ</em></span> <span class='ocrx_word' id='word_1_67' title='bbox 566 1443 621 1510; x_wconf 80' lang='grc' dir='ltr'><strong><em>καὶ</em></strong></span> <span class='ocrx_word' id='word_1_68' title='bbox 644 1440 665 1529; x_wconf 84' lang='grc' dir='ltr'><strong><em>ή</em></strong></span> <span class='ocrx_word' id='word_1_69' title='bbox 689 1440 819 1528; x_wconf 74' lang='grc' dir='ltr'><strong><em>εὐθεῖα,</em></strong></span> <span class='ocrx_word' id='word_1_70' title='bbox 841 1442 898 1510; x_wconf 83' lang='grc' dir='ltr'><strong><em>καὶ</em></strong></span> <span class='ocrx_word' id='word_1_71' title='bbox 921 1440 983 1511; x_wconf 82' lang='grc' dir='ltr'><strong><em>οὐκ</em></strong></span> <span class='ocrx_word' id='word_1_72' title='bbox 1006 1443 1045 1511; x_wconf 85' lang='grc' dir='ltr'><strong><em>έν</em></strong></span> <span class='ocrx_word' id='word_1_73' title='bbox 1066 1468 1142 1529; x_wconf 80' lang='grc' dir='ltr'><strong><em>μετ-</em></strong></span> 
     </span>
     <span class='ocr_line' id='line_1_10' title="bbox 124 1545 1143 1643; baseline -0.005 -23"><span class='ocrx_word' id='word_1_74' title='bbox 124 1554 306 1643; x_wconf 83' lang='grc' dir='ltr'><strong><em>εωροτέρῳ·</em></strong></span> <span class='ocrx_word' id='word_1_75' title='bbox 343 1554 445 1618; x_wconf 81' lang='grc' dir='ltr'><strong><em>πᾶσιν</em></strong></span> <span class='ocrx_word' id='word_1_76' title='bbox 473 1547 538 1636; x_wconf 78' lang='grc' dir='ltr'><strong><em>γὰρ</em></strong></span> <span class='ocrx_word' id='word_1_77' title='bbox 566 1562 637 1629; x_wconf 75' lang='grc' dir='ltr'><strong><em>τοῖς</em></strong></span> <span class='ocrx_word' id='word_1_78' title='bbox 662 1552 722 1635; x_wconf 81' lang='grc' dir='ltr'><strong><em>τῆς</em></strong></span> <span class='ocrx_word' id='word_1_79' title='bbox 745 1549 905 1617; x_wconf 75' lang='grc' dir='ltr'><strong><em>ἐπιπέδου</em></strong></span> <span class='ocrx_word' id='word_1_80' title='bbox 926 1545 1143 1636; x_wconf 78' lang='grc' dir='ltr'><strong><em>προβλήμασι</em></strong></span> 
     </span>
     <span class='ocr_line' id='line_1_11' title="bbox 72 1652 1143 1744; baseline -0.002 -19"><span class='ocrx_word' id='word_1_81' title='bbox 72 1679 105 1726; x_wconf 91' lang='lat'><strong><em>10</em></strong></span> <span class='ocrx_word' id='word_1_82' title='bbox 122 1658 176 1725; x_wconf 79' lang='grc' dir='ltr'><strong><em>καί</em></strong></span> <span class='ocrx_word' id='word_1_83' title='bbox 200 1656 418 1744; x_wconf 85' lang='grc' dir='ltr'><strong><em>θεωρήμασιν</em></strong></span> <span class='ocrx_word' id='word_1_84' title='bbox 438 1661 485 1735; x_wconf 90' lang='grc' dir='ltr'><strong><em>είς</em></strong></span> <span class='ocrx_word' id='word_1_85' title='bbox 504 1658 662 1724; x_wconf 76' lang='grc' dir='ltr'><strong><em>ἐπίπεδον</em></strong></span> <span class='ocrx_word' id='word_1_86' title='bbox 680 1652 881 1723; x_wconf 75' lang='grc' dir='ltr'><strong><em>ὑποκεῖσθαι</em></strong></span> <span class='ocrx_word' id='word_1_87' title='bbox 900 1652 963 1743; x_wconf 79' lang='grc' dir='ltr'><strong><em>χρὴ</em></strong></span> <span class='ocrx_word' id='word_1_88' title='bbox 981 1660 1143 1741; x_wconf 64' lang='grc' dir='ltr'><strong><em>νομιζειν.</em></strong></span> 
     </span>
     <span class='ocr_line' id='line_1_12' title="bbox 124 1758 1142 1851; baseline -0.004 -20"><span class='ocrx_word' id='word_1_89' title='bbox 124 1768 154 1831; x_wconf 93' lang='grc' dir='ltr'><strong><em>εί</em></strong></span> <span class='ocrx_word' id='word_1_90' title='bbox 177 1766 217 1832; x_wconf 91' lang='grc' dir='ltr'><strong><em>δέ</em></strong></span> <span class='ocrx_word' id='word_1_91' title='bbox 237 1789 286 1842; x_wconf 86' lang='grc' dir='ltr'><strong><em>τις</em></strong></span> <span class='ocrx_word' id='word_1_92' title='bbox 309 1760 463 1847; x_wconf 89' lang='grc' dir='ltr'><strong><em>ἀποροίη,</em></strong></span> <span class='ocrx_word' id='word_1_93' title='bbox 486 1765 556 1840; x_wconf 78' lang='grc' dir='ltr'><strong><em>πῶς</em></strong></span> <span class='ocrx_word' id='word_1_94' title='bbox 578 1764 618 1849; x_wconf 81' lang='grc' dir='ltr'><strong><em>τῇ</em></strong></span> <span class='ocrx_word' id='word_1_95' title='bbox 642 1765 784 1850; x_wconf 86' lang='grc' dir='ltr'><strong><em>δοθείση</em></strong></span> <span class='ocrx_word' id='word_1_96' title='bbox 804 1758 922 1851; x_wconf 77' lang='grc' dir='ltr'><strong><em>εὐθείᾳ</em></strong></span> <span class='ocrx_word' id='word_1_97' title='bbox 940 1768 1019 1847; x_wconf 86' lang='grc' dir='ltr'><strong><em>ίσην</em></strong></span> <span class='ocrx_word' id='word_1_98' title='bbox 1036 1782 1142 1846; x_wconf 85' lang='grc' dir='ltr'><strong><em>παρα-</em></strong></span> 
     </span>
     <span class='ocr_line' id='line_1_13' title="bbox 123 1865 1142 1954; baseline 0 -19"><span class='ocrx_word' id='word_1_99' title='bbox 123 1868 304 1935; x_wconf 88' lang='grc' dir='ltr'><strong><em>κελεύεται·</em></strong></span> <span class='ocrx_word' id='word_1_100' title='bbox 331 1873 367 1934; x_wconf 90' lang='grc' dir='ltr'><strong><em>τί</em></strong></span> <span class='ocrx_word' id='word_1_101' title='bbox 385 1866 466 1953; x_wconf 77' lang='grc' dir='ltr'><strong><em>ράρ,</em></strong></span> <span class='ocrx_word' id='word_1_102' title='bbox 490 1871 520 1934; x_wconf 92' lang='grc' dir='ltr'><strong><em>εί</em></strong></span> <span class='ocrx_word' id='word_1_103' title='bbox 542 1865 679 1952; x_wconf 80' lang='grc' dir='ltr'><strong><em>ἄπειρος</em></strong></span> <span class='ocrx_word' id='word_1_104' title='bbox 702 1869 853 1949; x_wconf 84' lang='grc' dir='ltr'><strong><em>δέδοται;</em></strong></span> <span class='ocrx_word' id='word_1_105' title='bbox 881 1866 919 1935; x_wconf 88' lang='grc' dir='ltr'><strong><em>τὸ</em></strong></span> <span class='ocrx_word' id='word_1_106' title='bbox 943 1866 1006 1954; x_wconf 78' lang='grc' dir='ltr'><strong><em>γὰρ</em></strong></span> <span class='ocrx_word' id='word_1_107' title='bbox 1031 1866 1142 1935; x_wconf 75' lang='grc' dir='ltr'><strong><em>δοθὲν</em></strong></span> 
     </span>
     <span class='ocr_line' id='line_1_14' title="bbox 123 1969 1142 2061; baseline 0.002 -22"><span class='ocrx_word' id='word_1_108' title='bbox 123 1977 222 2040; x_wconf 85' lang='grc' dir='ltr'><strong><em>τοῦτο</em></strong></span> <span class='ocrx_word' id='word_1_109' title='bbox 250 1973 305 2039; x_wconf 82' lang='grc' dir='ltr'><strong><em>καί</em></strong></span> <span class='ocrx_word' id='word_1_110' title='bbox 334 1974 386 2041; x_wconf 76' lang='grc' dir='ltr'><strong><em>ἐπὶ</em></strong></span> <span class='ocrx_word' id='word_1_111' title='bbox 415 1972 477 2061; x_wconf 81' lang='grc' dir='ltr'><strong><em>τὴν</em></strong></span> <span class='ocrx_word' id='word_1_112' title='bbox 507 1974 760 2060; x_wconf 78' lang='grc' dir='ltr'><strong><em>πεπερασμένην</em></strong></span> <span class='ocrx_word' id='word_1_113' title='bbox 788 1975 883 2060; x_wconf 81' lang='grc' dir='ltr'><strong><em>φέρει</em></strong></span> <span class='ocrx_word' id='word_1_114' title='bbox 912 1974 967 2041; x_wconf 82' lang='grc' dir='ltr'><strong><em>καί</em></strong></span> <span class='ocrx_word' id='word_1_115' title='bbox 996 1972 1048 2041; x_wconf 75' lang='grc' dir='ltr'><strong><em>ἐπί</em></strong></span> <span class='ocrx_word' id='word_1_116' title='bbox 1076 1969 1142 2060; x_wconf 81' lang='grc' dir='ltr'><strong><em>τήν</em></strong></span> 
     </span>
     <span class='ocr_line' id='line_1_15' title="bbox 124 2075 1142 2167; baseline 0.002 -23"><span class='ocrx_word' id='word_1_117' title='bbox 124 2076 277 2163; x_wconf 72' lang='grc' dir='ltr'><strong><em>ἄπειρον·</em></strong></span> <span class='ocrx_word' id='word_1_118' title='bbox 320 2087 473 2166; x_wconf 84' lang='grc' dir='ltr'><strong><em>σημαίνει</em></strong></span> <span class='ocrx_word' id='word_1_119' title='bbox 501 2077 566 2167; x_wconf 78' lang='grc' dir='ltr'><strong><em>γὰρ</em></strong></span> <span class='ocrx_word' id='word_1_120' title='bbox 594 2077 630 2147; x_wconf 85' lang='grc' dir='ltr'><strong><em>τὸ</em></strong></span> <span class='ocrx_word' id='word_1_121' title='bbox 661 2082 853 2166; x_wconf 82' lang='grc' dir='ltr'><strong><em>ἐκκείμενον</em></strong></span> <span class='ocrx_word' id='word_1_122' title='bbox 880 2082 948 2147; x_wconf 87' lang='grc' dir='ltr'><strong><em>πᾶν</em></strong></span> <span class='ocrx_word' id='word_1_123' title='bbox 975 2080 1030 2146; x_wconf 79' lang='grc' dir='ltr'><strong><em>καὶ</em></strong></span> <span class='ocrx_word' id='word_1_124' title='bbox 1058 2075 1142 2147; x_wconf 88' lang='grc' dir='ltr'><strong><em>ὐπο-</em></strong></span> 
     </span>
     <span class='ocr_line' id='line_1_16' title="bbox 72 2183 1142 2273; baseline -0.001 -19"><span class='ocrx_word' id='word_1_125' title='bbox 72 2206 104 2254; x_wconf 78' lang='grc' dir='ltr'><strong><em>ισ</em></strong></span> <span class='ocrx_word' id='word_1_126' title='bbox 124 2187 331 2272; x_wconf 79' lang='grc' dir='ltr'><strong><em>βεβλημένον</em></strong></span> <span class='ocrx_word' id='word_1_127' title='bbox 355 2184 434 2273; x_wconf 79' lang='grc' dir='ltr'><strong><em>ἡμῖν</em></strong></span> <span class='ocrx_word' id='word_1_128' title='bbox 459 2190 505 2265; x_wconf 88' lang='grc' dir='ltr'><strong><em>είς</em></strong></span> <span class='ocrx_word' id='word_1_129' title='bbox 528 2183 589 2272; x_wconf 84' lang='grc' dir='ltr'><strong><em>τήν</em></strong></span> <span class='ocrx_word' id='word_1_130' title='bbox 609 2184 752 2271; x_wconf 81' lang='grc' dir='ltr'><strong><em>ζήτησιν.</em></strong></span> <span class='ocrx_word' id='word_1_131' title='bbox 791 2189 892 2271; x_wconf 87' lang='grc' dir='ltr'><strong><em>δηλοῖ</em></strong></span> <span class='ocrx_word' id='word_1_132' title='bbox 909 2185 945 2254; x_wconf 78' lang='grc' dir='ltr'><strong><em>δὲ</em></strong></span> <span class='ocrx_word' id='word_1_133' title='bbox 963 2185 1019 2252; x_wconf 80' lang='grc' dir='ltr'><strong><em>καὶ</em></strong></span> <span class='ocrx_word' id='word_1_134' title='bbox 1038 2183 1142 2265; x_wconf 85' lang='grc' dir='ltr'><strong><em>αὐτὸς</em></strong></span> 
     </span>
     <span class='ocr_line' id='line_1_17' title="bbox 124 2289 1142 2379; baseline -0.001 -20"><span class='ocrx_word' id='word_1_135' title='bbox 124 2290 178 2360; x_wconf 77' lang='grc' dir='ltr'><strong><em>ὁτὲ</em></strong></span> <span class='ocrx_word' id='word_1_136' title='bbox 198 2292 259 2377; x_wconf 72' lang='grc' dir='ltr'><strong><em>μὲν</em></strong></span> <span class='ocrx_word' id='word_1_137' title='bbox 279 2295 386 2379; x_wconf 83' lang='grc' dir='ltr'><strong><em>λέγων</em></strong></span> <span class='ocrx_word' id='word_1_138' title='bbox 406 2294 458 2361; x_wconf 79' lang='grc' dir='ltr'><strong><em>ἐπὶ</em></strong></span> <span class='ocrx_word' id='word_1_139' title='bbox 478 2296 535 2378; x_wconf 88' lang='grc' dir='ltr'><strong><em>τής</em></strong></span> <span class='ocrx_word' id='word_1_140' title='bbox 555 2297 715 2378; x_wconf 83' lang='grc' dir='ltr'><strong><em>δοθείσης</em></strong></span> <span class='ocrx_word' id='word_1_141' title='bbox 736 2289 871 2372; x_wconf 82' lang='grc' dir='ltr'><strong><em>εὐθείας</em></strong></span> <span class='ocrx_word' id='word_1_142' title='bbox 889 2293 1142 2378; x_wconf 82' lang='grc' dir='ltr'><strong><em>πεπερασμένης</em></strong></span> 
     </span>
     <span class='ocr_line' id='line_1_18' title="bbox 123 2395 1141 2485; baseline -0.001 -20"><span class='ocrx_word' id='word_1_143' title='bbox 123 2399 355 2485; x_wconf 88' lang='grc' dir='ltr'><strong><em>συστήσασθαι</em></strong></span> <span class='ocrx_word' id='word_1_144' title='bbox 387 2404 555 2485; x_wconf 82' lang='grc' dir='ltr'><strong><em>τρίγωνον</em></strong></span> <span class='ocrx_word' id='word_1_145' title='bbox 590 2398 809 2485; x_wconf 86' lang='grc' dir='ltr'><strong><em>ίσόπλευρον,</em></strong></span> <span class='ocrx_word' id='word_1_146' title='bbox 845 2395 900 2465; x_wconf 74' lang='grc' dir='ltr'><strong><em>ὁτὲ</em></strong></span> <span class='ocrx_word' id='word_1_147' title='bbox 930 2398 966 2465; x_wconf 78' lang='grc' dir='ltr'><strong><em>δέ</em></strong></span> <span class='ocrx_word' id='word_1_148' title='bbox 995 2397 1047 2465; x_wconf 82' lang='grc' dir='ltr'><strong><em>έπί</em></strong></span> <span class='ocrx_word' id='word_1_149' title='bbox 1074 2396 1141 2484; x_wconf 83' lang='grc' dir='ltr'><strong><em>τήν</em></strong></span> 
     </span>
     <span class='ocr_line' id='line_1_19' title="bbox 124 2502 1141 2590; baseline -0.001 -19"><span class='ocrx_word' id='word_1_150' title='bbox 124 2509 286 2573; x_wconf 82' lang='grc' dir='ltr'><strong><em>δοθεῖσαν</em></strong></span> <span class='ocrx_word' id='word_1_151' title='bbox 315 2504 453 2571; x_wconf 80' lang='grc' dir='ltr'><strong><em>εὐθεῖαν</em></strong></span> <span class='ocrx_word' id='word_1_152' title='bbox 486 2503 625 2588; x_wconf 84' lang='grc' dir='ltr'><strong><em>ἀπειρον</em></strong></span> <span class='ocrx_word' id='word_1_153' title='bbox 657 2504 804 2573; x_wconf 82' lang='grc' dir='ltr'><strong><em>κάθετον</em></strong></span> <span class='ocrx_word' id='word_1_154' title='bbox 838 2502 988 2590; x_wconf 77' lang='grc' dir='ltr'><strong><em>ἀγαγεῖν·</em></strong></span> <span class='ocrx_word' id='word_1_155' title='bbox 1031 2512 1065 2570; x_wconf 87' lang='grc' dir='ltr'><strong><em>εί</em></strong></span> <span class='ocrx_word' id='word_1_156' title='bbox 1087 2530 1141 2583; x_wconf 91' lang='grc' dir='ltr'><strong><em>τις</em></strong></span> 
     </span>
     <span class='ocr_line' id='line_1_20' title="bbox 124 2603 1139 2698; baseline 0.001 -22"><span class='ocrx_word' id='word_1_157' title='bbox 124 2603 186 2678; x_wconf 87' lang='grc' dir='ltr'><strong><em>οὖν</em></strong></span> <span class='ocrx_word' id='word_1_158' title='bbox 214 2615 351 2677; x_wconf 84' lang='grc' dir='ltr'><strong><em>τοιαῦτα</em></strong></span> <span class='ocrx_word' id='word_1_159' title='bbox 380 2608 541 2696; x_wconf 87' lang='grc' dir='ltr'><strong><em>ἀποροίη,</em></strong></span> <span class='ocrx_word' id='word_1_160' title='bbox 568 2611 718 2695; x_wconf 82' lang='grc' dir='ltr'><strong><em>λεκτέον,</em></strong></span> <span class='ocrx_word' id='word_1_161' title='bbox 746 2608 797 2678; x_wconf 85' lang='grc' dir='ltr'><strong><em>ὅτι</em></strong></span> <span class='ocrx_word' id='word_1_162' title='bbox 827 2620 905 2696; x_wconf 86' lang='grc' dir='ltr'><strong><em>ίσην</em></strong></span> <span class='ocrx_word' id='word_1_163' title='bbox 932 2614 972 2698; x_wconf 70' lang='grc' dir='ltr'><strong><em>τῇ</em></strong></span> <span class='ocrx_word' id='word_1_164' title='bbox 996 2613 1139 2698; x_wconf 88' lang='grc' dir='ltr'><strong><em>δοθείση</em></strong></span> 
     </span>
     <span class='ocr_line' id='line_1_21' title="bbox 71 2713 1139 2806; baseline 0 -23"><span class='ocrx_word' id='word_1_165' title='bbox 71 2736 105 2783; x_wconf 78' lang='lat'><strong><em>20</em></strong></span> <span class='ocrx_word' id='word_1_166' title='bbox 123 2715 207 2801; x_wconf 85' lang='grc' dir='ltr'><strong><em>πρὸς</em></strong></span> <span class='ocrx_word' id='word_1_167' title='bbox 230 2720 274 2806; x_wconf 78' lang='grc' dir='ltr'><strong><em>τῷ</em></strong></span> <span class='ocrx_word' id='word_1_168' title='bbox 301 2718 437 2783; x_wconf 89' lang='grc' dir='ltr'><strong><em>δοθέντι</em></strong></span> <span class='ocrx_word' id='word_1_169' title='bbox 462 2722 586 2805; x_wconf 87' lang='grc' dir='ltr'><strong><em>σημείῳ</em></strong></span> <span class='ocrx_word' id='word_1_170' title='bbox 611 2718 745 2783; x_wconf 87' lang='grc' dir='ltr'><strong><em>θέσθαι.</em></strong></span> <span class='ocrx_word' id='word_1_171' title='bbox 789 2716 921 2795; x_wconf 83' lang='grc' dir='ltr'><strong><em>πάντως</em></strong></span> <span class='ocrx_word' id='word_1_172' title='bbox 947 2715 1012 2803; x_wconf 79' lang='grc' dir='ltr'><strong><em>γὰρ</em></strong></span> <span class='ocrx_word' id='word_1_173' title='bbox 1041 2714 1093 2785; x_wconf 83' lang='grc' dir='ltr'><strong><em>ὅτι</em></strong></span> <span class='ocrx_word' id='word_1_174' title='bbox 1118 2713 1139 2803; x_wconf 85' lang='grc' dir='ltr'><em>ἡ</em></span> 
     </span>
     <span class='ocr_line' id='line_1_22' title="bbox 123 2819 1139 2913; baseline 0.003 -26"><span class='ocrx_word' id='word_1_175' title='bbox 123 2819 206 2904; x_wconf 87' lang='grc' dir='ltr'><strong><em>πρὸς</em></strong></span> <span class='ocrx_word' id='word_1_176' title='bbox 229 2826 274 2913; x_wconf 80' lang='grc' dir='ltr'><strong><em>τῷ</em></strong></span> <span class='ocrx_word' id='word_1_177' title='bbox 299 2828 423 2913; x_wconf 87' lang='grc' dir='ltr'><strong><em>σημείῳ</em></strong></span> <span class='ocrx_word' id='word_1_178' title='bbox 448 2823 656 2907; x_wconf 87' lang='grc' dir='ltr'><strong><em>τεθησομένη</em></strong></span> <span class='ocrx_word' id='word_1_179' title='bbox 681 2824 881 2909; x_wconf 85' lang='grc' dir='ltr'><strong><em>πεπέρασται</em></strong></span> <span class='ocrx_word' id='word_1_180' title='bbox 904 2819 975 2888; x_wconf 84' lang='grc' dir='ltr'><strong><em>κατ’</em></strong></span> <span class='ocrx_word' id='word_1_181' title='bbox 998 2820 1080 2890; x_wconf 84' lang='grc' dir='ltr'><strong><em>αὐτὸ</em></strong></span> <span class='ocrx_word' id='word_1_182' title='bbox 1099 2821 1139 2891; x_wconf 89' lang='grc' dir='ltr'><strong><em>τὸ</em></strong></span> 
     </span>
     <span class='ocr_line' id='line_1_23' title="bbox 123 2925 1140 3019; baseline -0.001 -24"><span class='ocrx_word' id='word_1_183' title='bbox 123 2942 271 3014; x_wconf 83' lang='grc' dir='ltr'><strong><em>σημεῖον.</em></strong></span> <span class='ocrx_word' id='word_1_184' title='bbox 318 2928 400 2996; x_wconf 81' lang='grc' dir='ltr'><strong><em>ὥστε</em></strong></span> <span class='ocrx_word' id='word_1_185' title='bbox 424 2931 535 3019; x_wconf 79' lang='grc' dir='ltr'><strong><em>πολλῷ</em></strong></span> <span class='ocrx_word' id='word_1_186' title='bbox 560 2926 723 3015; x_wconf 86' lang='grc' dir='ltr'><strong><em>πρότερον</em></strong></span> <span class='ocrx_word' id='word_1_187' title='bbox 748 2930 857 3014; x_wconf 86' lang='grc' dir='ltr'><strong><em>ε’κείνη</em></strong></span> <span class='ocrx_word' id='word_1_188' title='bbox 882 2928 1092 3012; x_wconf 90' lang='grc' dir='ltr'><strong><em>πεπέρασται,</em></strong></span> <span class='ocrx_word' id='word_1_189' title='bbox 1118 2925 1140 3015; x_wconf 80' lang='grc' dir='ltr'><strong><em>ἦ</em></strong></span> 
     </span>
     <span class='ocr_line' id='line_1_24' title="bbox 123 3028 1139 3125; baseline -0.001 -24"><span class='ocrx_word' id='word_1_190' title='bbox 123 3037 213 3101; x_wconf 83' lang='grc' dir='ltr'><strong><em>ἐστιν</em></strong></span> <span class='ocrx_word' id='word_1_191' title='bbox 243 3043 298 3121; x_wconf 79' lang='grc' dir='ltr'><strong><em>ἴση</em></strong></span> <span class='ocrx_word' id='word_1_192' title='bbox 326 3038 365 3123; x_wconf 74' lang='grc' dir='ltr'><strong><em>τῇ</em></strong></span> <span class='ocrx_word' id='word_1_193' title='bbox 393 3037 566 3121; x_wconf 87' lang='grc' dir='ltr'><strong><em>τιθεμένη·</em></strong></span> <span class='ocrx_word' id='word_1_194' title='bbox 608 3033 676 3120; x_wconf 76' lang='grc' dir='ltr'><strong><em>ἅμα</em></strong></span> <span class='ocrx_word' id='word_1_195' title='bbox 704 3061 738 3102; x_wconf 88' lang='grc' dir='ltr'><strong><em>τε</em></strong></span> <span class='ocrx_word' id='word_1_196' title='bbox 769 3028 832 3103; x_wconf 90' lang='grc' dir='ltr'><strong><em>οὐν</em></strong></span> <span class='ocrx_word' id='word_1_197' title='bbox 862 3032 953 3102; x_wconf 80' lang='grc' dir='ltr'><strong><em>εἶπεν</em></strong></span> <span class='ocrx_word' id='word_1_198' title='bbox 982 3031 1064 3120; x_wconf 90' lang='grc' dir='ltr'><strong><em>πρὸς</em></strong></span> <span class='ocrx_word' id='word_1_199' title='bbox 1092 3038 1139 3125; x_wconf 79' lang='grc' dir='ltr'><strong><em>τῷ</em></strong></span> 
     </span>
     <span class='ocr_line' id='line_1_25' title="bbox 123 3137 1141 3232; baseline 0 -25"><span class='ocrx_word' id='word_1_200' title='bbox 123 3144 261 3209; x_wconf 77' lang='grc' dir='ltr'><strong><em>δοθέντι</em></strong></span> <span class='ocrx_word' id='word_1_201' title='bbox 290 3148 413 3232; x_wconf 89' lang='grc' dir='ltr'><strong><em>σημείῳ</em></strong></span> <span class='ocrx_word' id='word_1_202' title='bbox 444 3141 499 3207; x_wconf 80' lang='grc' dir='ltr'><strong><em>καὶ</em></strong></span> <span class='ocrx_word' id='word_1_203' title='bbox 530 3138 720 3227; x_wconf 77' lang='grc' dir='ltr'><strong><em>ἀμφοτέρας</em></strong></span> <span class='ocrx_word' id='word_1_204' title='bbox 748 3155 887 3226; x_wconf 85' lang='grc' dir='ltr'><strong><em>περατοῑ</em></strong></span> <span class='ocrx_word' id='word_1_205' title='bbox 914 3138 972 3219; x_wconf 80' lang='grc' dir='ltr'><strong><em>τὰς</em></strong></span> <span class='ocrx_word' id='word_1_206' title='bbox 1002 3137 1141 3222; x_wconf 86' lang='grc' dir='ltr'><strong><em>εὐθείας</em></strong></span> 
     </span>
     <span class='ocr_line' id='line_1_26' title="bbox 70 3242 1141 3335; baseline -0.004 -16"><span class='ocrx_word' id='word_1_207' title='bbox 70 3272 104 3320; x_wconf 79' lang='lat'><strong><em>25</em></strong></span> <span class='ocrx_word' id='word_1_208' title='bbox 122 3250 177 3314; x_wconf 80' lang='grc' dir='ltr'><strong><em>καὶ</em></strong></span> <span class='ocrx_word' id='word_1_209' title='bbox 201 3247 262 3333; x_wconf 81' lang='grc' dir='ltr'><strong><em>τὴν</em></strong></span> <span class='ocrx_word' id='word_1_210' title='bbox 282 3250 456 3333; x_wconf 79' lang='grc' dir='ltr'><strong><em>δοθεῖσαν,</em></strong></span> <span class='ocrx_word' id='word_1_211' title='bbox 480 3245 535 3312; x_wconf 85' lang='grc' dir='ltr'><strong><em>καί</em></strong></span> <span class='ocrx_word' id='word_1_212' title='bbox 559 3242 602 3329; x_wconf 78' lang='grc' dir='ltr'><strong><em>ἢν</em></strong></span> <span class='ocrx_word' id='word_1_213' title='bbox 621 3248 730 3335; x_wconf 76' lang='grc' dir='ltr'><strong><em>ἐκείνη</em></strong></span> <span class='ocrx_word' id='word_1_214' title='bbox 750 3253 886 3333; x_wconf 87' lang='grc' dir='ltr'><strong><em>τίθησιν</em></strong></span> <span class='ocrx_word' id='word_1_215' title='bbox 906 3254 992 3332; x_wconf 83' lang='grc' dir='ltr'><strong><em>ίσην.</em></strong></span> <span class='ocrx_word' id='word_1_216' title='bbox 1029 3243 1080 3314; x_wconf 82' lang='grc' dir='ltr'><strong><em>ὅτι</em></strong></span> <span class='ocrx_word' id='word_1_217' title='bbox 1102 3246 1141 3315; x_wconf 71' lang='grc' dir='ltr'><strong><em>δὲ</em></strong></span> 
     </span>
     <span class='ocr_line' id='line_1_27' title="bbox 123 3352 1141 3441; baseline 0.001 -21"><span class='ocrx_word' id='word_1_218' title='bbox 123 3358 160 3420; x_wconf 85' lang='grc' dir='ltr'><strong><em>αί</em></strong></span> <span class='ocrx_word' id='word_1_219' title='bbox 190 3353 330 3432; x_wconf 78' lang='grc' dir='ltr'><strong><em>πτώσεις</em></strong></span> <span class='ocrx_word' id='word_1_220' title='bbox 360 3353 484 3421; x_wconf 85' lang='grc' dir='ltr'><strong><em>τούτου</em></strong></span> <span class='ocrx_word' id='word_1_221' title='bbox 517 3356 577 3421; x_wconf 85' lang='grc' dir='ltr'><strong><em>τοῦ</em></strong></span> <span class='ocrx_word' id='word_1_222' title='bbox 607 3353 840 3441; x_wconf 82' lang='grc' dir='ltr'><strong><em>προβλήματος</em></strong></span> <span class='ocrx_word' id='word_1_223' title='bbox 870 3360 1022 3440; x_wconf 77' lang='grc' dir='ltr'><strong><em>γίνονται</em></strong></span> <span class='ocrx_word' id='word_1_224' title='bbox 1048 3352 1141 3441; x_wconf 86' lang='grc' dir='ltr'><strong><em>παρά</em></strong></span> 
     </span>
    </p>
   </div>
   <div class='ocr_carea' id='block_1_3' title="bbox 195 3548 286 3601">
    <p class='ocr_par' dir='ltr' id='par_1_5' title="bbox 195 3548 286 3601">
     <span class='ocr_line' id='line_1_28' title="bbox 195 3548 286 3601; baseline 0 0"><span class='ocrx_word' id='word_1_225' title='bbox 195 3554 237 3601; x_wconf 68' lang='lat'><strong><em>24.</em></strong></span> <span class='ocrx_word' id='word_1_226' title='bbox 258 3548 286 3601; x_wconf 84' lang='lat' dir='ltr'><strong><em>P.</em></strong></span> 
     </span>
    </p>
   </div>
   <div class='ocr_carea' id='block_1_4' title="bbox 113 3719 1142 3940">
    <p class='ocr_par' dir='ltr' id='par_1_6' title="bbox 113 3719 1142 3940">
     <span class='ocr_line' id='line_1_29' title="bbox 197 3719 1142 3795; baseline 0.004 -19"><span class='ocrx_word' id='word_1_227' title='bbox 197 3730 237 3777; x_wconf 90' lang='lat'><strong><em>10.</em></strong></span> <span class='ocrx_word' id='word_1_228' title='bbox 260 3723 311 3793; x_wconf 78' lang='grc' dir='ltr'><strong><em>είς]</em></strong></span> <span class='ocrx_word' id='word_1_229' title='bbox 333 3723 363 3779; x_wconf 77' lang='grc' dir='ltr'><strong><em>ἓν</em></strong></span> <span class='ocrx_word' id='word_1_230' title='bbox 383 3724 497 3780; x_wconf 82' lang='lat' dir='ltr'>Proclus</span> <span class='ocrx_word' id='word_1_231' title='bbox 516 3744 542 3794; x_wconf 86' lang='lat' dir='ltr'><strong><em>p.</em></strong></span> <span class='ocrx_word' id='word_1_232' title='bbox 563 3730 623 3789; x_wconf 76' lang='lat'>223,</span> <span class='ocrx_word' id='word_1_233' title='bbox 645 3730 685 3777; x_wconf 80' lang='grc'><strong><em>16.</em></strong></span> <span class='ocrx_word' id='word_1_234' title='bbox 761 3730 802 3777; x_wconf 81' lang='lat'><strong><em>12.</em></strong></span> <span class='ocrx_word' id='word_1_235' title='bbox 823 3719 953 3795; x_wconf 86' lang='grc' dir='ltr'><strong><em>εί]ήΡ.</em></strong></span> <span class='ocrx_word' id='word_1_236' title='bbox 1028 3730 1071 3777; x_wconf 86' lang='grc'><strong><em>13.</em></strong></span> <span class='ocrx_word' id='word_1_237' title='bbox 1089 3744 1142 3780; x_wconf 83' lang='grc' dir='ltr'><strong><em>πε-</em></strong></span> 
     </span>
     <span class='ocr_line' id='line_1_30' title="bbox 123 3794 1141 3864; baseline 0.002 -15"><span class='ocrx_word' id='word_1_238' title='bbox 123 3794 301 3861; x_wconf 82' lang='grc' dir='ltr'><strong><em>περασμένον</em></strong></span> <span class='ocrx_word' id='word_1_239' title='bbox 321 3794 350 3853; x_wconf 85' lang='grc' dir='ltr'><strong><em>Ρ.</em></strong></span> <span class='ocrx_word' id='word_1_240' title='bbox 436 3803 479 3851; x_wconf 74' lang='lat'><strong><em>20.</em></strong></span> <span class='ocrx_word' id='word_1_241' title='bbox 504 3796 558 3850; x_wconf 82' lang='lat' dir='ltr'>Cfr.</span> <span class='ocrx_word' id='word_1_242' title='bbox 579 3795 694 3850; x_wconf 82' lang='lat' dir='ltr'>Proclus</span> <span class='ocrx_word' id='word_1_243' title='bbox 714 3812 741 3864; x_wconf 86' lang='lat' dir='ltr'><strong><em>p.</em></strong></span> <span class='ocrx_word' id='word_1_244' title='bbox 761 3800 822 3860; x_wconf 78' lang='lat'>22³,</span> <span class='ocrx_word' id='word_1_245' title='bbox 842 3800 876 3849; x_wconf 76' lang='lat'><strong><em>26</em></strong></span> <span class='ocrx_word' id='word_1_246' title='bbox 896 3812 936 3863; x_wconf 82' lang='lat' dir='ltr'><strong><em>sq.</em></strong></span> <span class='ocrx_word' id='word_1_247' title='bbox 1023 3801 1066 3849; x_wconf 76' lang='lat'><strong><em>23.</em></strong></span> <span class='ocrx_word' id='word_1_248' title='bbox 1085 3800 1141 3851; x_wconf 86' lang='grc' dir='ltr'><strong><em>θε-</em></strong></span> 
     </span>
     <span class='ocr_line' id='line_1_31' title="bbox 113 3860 553 3940; baseline -0.005 -19"><span class='ocrx_word' id='word_1_249' title='bbox 113 3867 192 3937; x_wconf 72' lang='grc' dir='ltr'><strong><em>μένη·</em></strong></span> <span class='ocrx_word' id='word_1_250' title='bbox 210 3866 240 3920; x_wconf 81' lang='grc' dir='ltr'><strong><em>Ρ.</em></strong></span> <span class='ocrx_word' id='word_1_251' title='bbox 317 3874 359 3924; x_wconf 74' lang='grc'><strong><em>25.</em></strong></span> <span class='ocrx_word' id='word_1_252' title='bbox 380 3860 437 3940; x_wconf 78' lang='grc' dir='ltr'><strong><em>ὅτι]</em></strong></span> <span class='ocrx_word' id='word_1_253' title='bbox 458 3862 504 3923; x_wconf 83' lang='grc' dir='ltr'><strong><em>ὅτε</em></strong></span> <span class='ocrx_word' id='word_1_254' title='bbox 524 3868 553 3921; x_wconf 88' lang='lat' dir='ltr'><strong><em>P.</em></strong></span> 
     </span>
    </p>
   </div>
   <div class='ocr_carea' id='block_1_5' title="bbox 0 0 1212 4236">
    <p class='ocr_par' dir='ltr' id='par_1_7' title="bbox 0 0 1212 4236">
     <span class='ocr_line' id='line_1_32' title="bbox 0 0 1212 4236; baseline 0 0"><span class='ocrx_word' id='word_1_255' title='bbox 0 0 1212 4236; x_wconf 95' lang='lat' dir='ltr'><strong><em> </em></strong></span> 
     </span>
    </p>
   </div>
  </div>
 </body>
</html>
