<?xml version="1.0" encoding="UTF-8"?>
<!DOCTYPE html PUBLIC "-//W3C//DTD XHTML 1.0 Transitional//EN"
    "http://www.w3.org/TR/xhtml1/DTD/xhtml1-transitional.dtd">
<html xmlns="http://www.w3.org/1999/xhtml" xml:lang="en" lang="en">
 <head>
  <title>
</title>
<meta http-equiv="Content-Type" content="text/html;charset=utf-8" />
  <meta name='ocr-system' content='tesseract 3.04.00' />
  <meta name='ocr-capabilities' content='ocr_page ocr_carea ocr_par ocr_line ocrx_word'/>
</head>
<body>
  <div class='ocr_page' id='page_1' title='image "./euclidisoperaom10unkngoog_0390.png"; bbox 0 0 2414 4236; ppageno 0'>
   <div class='ocr_carea' id='block_1_1' title="bbox 227 506 1186 587">
    <p class='ocr_par' dir='ltr' id='par_1_1' title="bbox 227 506 1186 587">
     <span class='ocr_line' id='line_1_1' title="bbox 227 506 1186 587; baseline 0.005 -26"><span class='ocrx_word' id='word_1_1' title='bbox 227 509 384 562; x_wconf 83' lang='lat' dir='ltr'>SCHOLIA</span> <span class='ocrx_word' id='word_1_2' title='bbox 403 511 441 561; x_wconf 84' lang='lat' dir='ltr'><em>IN</em></span> <span class='ocrx_word' id='word_1_3' title='bbox 459 510 734 561; x_wconf 76' lang='lat' dir='ltr'><strong>ELEMENTORL&#39;M</strong></span> <span class='ocrx_word' id='word_1_4' title='bbox 752 511 892 562; x_wconf 84' lang='lat' dir='ltr'>LIBRUM</span> <span class='ocrx_word' id='word_1_5' title='bbox 904 511 953 563; x_wconf 90' lang='lat'><em>111.</em></span> <span class='ocrx_word' id='word_1_6' title='bbox 1027 506 1092 571; x_wconf 83' lang='grc'><em>261</em></span> <span class='ocrx_word' id='word_1_7' title='bbox 1182 580 1186 587; x_wconf 34' lang='grc' dir='ltr'>Ι</span> 
     </span>
    </p>
   </div>
   <div class='ocr_carea' id='block_1_2' title="bbox 477 704 707 789">
    <p class='ocr_par' dir='ltr' id='par_1_2' title="bbox 477 704 707 789">
     <span class='ocr_line' id='line_1_2' title="bbox 477 704 707 789; baseline 0.004 -22"><span class='ocrx_word' id='word_1_8' title='bbox 477 704 533 768; x_wconf 89' lang='lat' dir='ltr'><em>Ad</em></span> <span class='ocrx_word' id='word_1_9' title='bbox 556 726 660 789; x_wconf 88' lang='lat' dir='ltr'><strong>prop.</strong></span> <span class='ocrx_word' id='word_1_10' title='bbox 683 704 707 768; x_wconf 94' lang='lat' dir='ltr'><em>I.</em></span> 
     </span>
    </p>
   </div>
   <div class='ocr_carea' id='block_1_3' title="bbox 77 823 1150 3249">
    <p class='ocr_par' dir='ltr' id='par_1_3' title="bbox 78 823 1147 1424">
     <span class='ocr_line' id='line_1_3' title="bbox 146 823 1094 916; baseline -0.001 -22"><span class='ocrx_word' id='word_1_11' title='bbox 146 828 175 894; x_wconf 82' lang='grc'><em>9.</em></span> <span class='ocrx_word' id='word_1_12' title='bbox 209 823 336 913; x_wconf 86' lang='grc' dir='ltr'><em>Ὥσπερ</em></span> <span class='ocrx_word' id='word_1_13' title='bbox 364 827 401 893; x_wconf 87' lang='grc' dir='ltr'><em>έν</em></span> <span class='ocrx_word' id='word_1_14' title='bbox 428 829 474 916; x_wconf 78' lang='grc' dir='ltr'><em>τῷ</em></span> <span class='ocrx_word' id='word_1_15' title='bbox 499 824 533 891; x_wconf 85' lang='grc' dir='ltr'><em>α’</em></span> <span class='ocrx_word' id='word_1_16' title='bbox 557 829 625 893; x_wconf 84' lang='grc' dir='ltr'><em>τών</em></span> <span class='ocrx_word' id='word_1_17' title='bbox 654 830 878 912; x_wconf 77' lang='grc' dir='ltr'><em>στοιχειωδῶν</em></span> <span class='ocrx_word' id='word_1_18' title='bbox 905 825 1094 912; x_wconf 78' lang='grc' dir='ltr'><em>σχημάτων,</em></span> 
     </span>
     <span class='ocr_line' id='line_1_4' title="bbox 78 929 1094 1021; baseline 0 -22"><span class='ocrx_word' id='word_1_19' title='bbox 78 935 148 1001; x_wconf 86' lang='grc' dir='ltr'><em>τών</em></span> <span class='ocrx_word' id='word_1_20' title='bbox 169 930 345 1021; x_wconf 76' lang='grc' dir='ltr'><em>τριγώνων</em></span> <span class='ocrx_word' id='word_1_21' title='bbox 368 931 466 1017; x_wconf 92' lang='grc' dir='ltr'><em>λέγω,</em></span> <span class='ocrx_word' id='word_1_22' title='bbox 491 933 806 1018; x_wconf 76' lang='grc' dir='ltr'><em>στοιχειωδέστατον</em></span> <span class='ocrx_word' id='word_1_23' title='bbox 829 929 867 999; x_wconf 92' lang='grc' dir='ltr'><em>τὸ</em></span> <span class='ocrx_word' id='word_1_24' title='bbox 892 931 1094 1019; x_wconf 77' lang='grc' dir='ltr'><em>ἰσόπλευρον</em></span> 
     </span>
     <span class='ocr_line' id='line_1_5' title="bbox 78 1035 1095 1125; baseline -0.002 -18"><span class='ocrx_word' id='word_1_25' title='bbox 78 1042 127 1118; x_wconf 86' lang='grc' dir='ltr'><em>είς</em></span> <span class='ocrx_word' id='word_1_26' title='bbox 158 1043 295 1124; x_wconf 80' lang='grc' dir='ltr'><em>ποίησιν</em></span> <span class='ocrx_word' id='word_1_27' title='bbox 328 1040 365 1105; x_wconf 83' lang='grc' dir='ltr'><em>έν</em></span> <span class='ocrx_word' id='word_1_28' title='bbox 398 1035 483 1125; x_wconf 74' lang='grc' dir='ltr'><em>ἀρχῇ</em></span> <span class='ocrx_word' id='word_1_29' title='bbox 511 1042 720 1122; x_wconf 81' lang='grc' dir='ltr'><em>προετείνετο</em></span> <span class='ocrx_word' id='word_1_30' title='bbox 750 1037 806 1105; x_wconf 82' lang='grc' dir='ltr'><em>ὸιὸ</em></span> <span class='ocrx_word' id='word_1_31' title='bbox 833 1036 893 1118; x_wconf 80' lang='grc' dir='ltr'><em>τὰς</em></span> <span class='ocrx_word' id='word_1_32' title='bbox 920 1042 988 1106; x_wconf 80' lang='grc' dir='ltr'><em>τών</em></span> <span class='ocrx_word' id='word_1_33' title='bbox 1020 1038 1095 1124; x_wconf 77' lang='grc' dir='ltr'><em>ἑξῆς</em></span> 
     </span>
     <span class='ocr_line' id='line_1_6' title="bbox 78 1140 1147 1229; baseline 0.004 -18"><span class='ocrx_word' id='word_1_34' title='bbox 78 1141 284 1224; x_wconf 84' lang='grc' dir='ltr'><em>άποὸείξεων</em></span> <span class='ocrx_word' id='word_1_35' title='bbox 302 1141 517 1227; x_wconf 88' lang='grc' dir='ltr'><em>κατασκευάς,</em></span> <span class='ocrx_word' id='word_1_36' title='bbox 536 1140 643 1222; x_wconf 80' lang='grc' dir='ltr'><em>οὕτως</em></span> <span class='ocrx_word' id='word_1_37' title='bbox 661 1144 717 1211; x_wconf 81' lang='grc' dir='ltr'><em>καὶ</em></span> <span class='ocrx_word' id='word_1_38' title='bbox 737 1146 887 1213; x_wconf 82' lang='grc' dir='ltr'><em>ἐνταῦθα</em></span> <span class='ocrx_word' id='word_1_39' title='bbox 901 1142 939 1212; x_wconf 93' lang='grc' dir='ltr'><em>τὸ</em></span> <span class='ocrx_word' id='word_1_40' title='bbox 954 1144 1094 1229; x_wconf 80' lang='grc' dir='ltr'><em>κέντρον</em></span> <span class='ocrx_word' id='word_1_41' title='bbox 1131 1165 1147 1215; x_wconf 83' lang='grc'>5</span> 
     </span>
     <span class='ocr_line' id='line_1_7' title="bbox 79 1247 1095 1338; baseline -0.002 -20"><span class='ocrx_word' id='word_1_42' title='bbox 79 1247 193 1337; x_wconf 81' lang='grc' dir='ltr'><em>εὸρεῐν</em></span> <span class='ocrx_word' id='word_1_43' title='bbox 215 1249 450 1336; x_wconf 89' lang='grc' dir='ltr'><em>προβάλλεται·</em></span> <span class='ocrx_word' id='word_1_44' title='bbox 473 1253 573 1318; x_wconf 85' lang='grc' dir='ltr'><em>τοῦτο</em></span> <span class='ocrx_word' id='word_1_45' title='bbox 598 1252 662 1338; x_wconf 85' lang='grc' dir='ltr'><em>γὰρ</em></span> <span class='ocrx_word' id='word_1_46' title='bbox 684 1253 743 1336; x_wconf 78' lang='grc' dir='ltr'><em>τῆς</em></span> <span class='ocrx_word' id='word_1_47' title='bbox 761 1257 917 1337; x_wconf 82' lang='grc' dir='ltr'><em>κυκλικῆς</em></span> <span class='ocrx_word' id='word_1_48' title='bbox 936 1251 1095 1335; x_wconf 85' lang='grc' dir='ltr'><em>γενέσεως</em></span> 
     </span>
     <span class='ocr_line' id='line_1_8' title="bbox 79 1364 199 1424; baseline -0.008 0"><span class='ocrx_word' id='word_1_49' title='bbox 79 1364 199 1424; x_wconf 70' lang='grc' dir='ltr'><em>αἴτιον.</em></span> 
     </span>
    </p>

    <p class='ocr_par' dir='ltr' id='par_1_4' title="bbox 77 1459 1150 3249">
     <span class='ocr_line' id='line_1_9' title="bbox 150 1459 1096 1550; baseline 0 -21"><span class='ocrx_word' id='word_1_50' title='bbox 150 1465 200 1530; x_wconf 89' lang='grc'><em>10.</em></span> <span class='ocrx_word' id='word_1_51' title='bbox 233 1465 308 1542; x_wconf 84' lang='grc' dir='ltr'><em>Πᾶς</em></span> <span class='ocrx_word' id='word_1_52' title='bbox 330 1461 391 1548; x_wconf 76' lang='grc' dir='ltr'><em>μὲν</em></span> <span class='ocrx_word' id='word_1_53' title='bbox 414 1461 535 1542; x_wconf 85' lang='grc' dir='ltr'><em>κύκλος</em></span> <span class='ocrx_word' id='word_1_54' title='bbox 559 1467 625 1547; x_wconf 85' lang='grc' dir='ltr'><em>ἔχει</em></span> <span class='ocrx_word' id='word_1_55' title='bbox 647 1464 685 1529; x_wconf 91' lang='grc' dir='ltr'><em>τὸ</em></span> <span class='ocrx_word' id='word_1_56' title='bbox 710 1465 836 1530; x_wconf 85' lang='grc' dir='ltr'><em>οίκεῖον</em></span> <span class='ocrx_word' id='word_1_57' title='bbox 859 1463 999 1546; x_wconf 80' lang='grc' dir='ltr'><em>κέντρον</em></span> <span class='ocrx_word' id='word_1_58' title='bbox 1021 1459 1096 1550; x_wconf 84' lang='grc' dir='ltr'><em>ώρι·</em></span> 
     </span>
     <span class='ocr_line' id='line_1_10' title="bbox 79 1564 1093 1656; baseline -0.003 -19"><span class='ocrx_word' id='word_1_59' title='bbox 79 1568 206 1656; x_wconf 87' lang='grc' dir='ltr'><em>σμένον</em></span> <span class='ocrx_word' id='word_1_60' title='bbox 229 1571 268 1654; x_wconf 79' lang='grc' dir='ltr'><em>τῇ</em></span> <span class='ocrx_word' id='word_1_61' title='bbox 293 1565 399 1635; x_wconf 86' lang='grc' dir='ltr'><em>αὑτοῦ</em></span> <span class='ocrx_word' id='word_1_62' title='bbox 422 1569 538 1652; x_wconf 84' lang='grc' dir='ltr'><em>φύσει,</em></span> <span class='ocrx_word' id='word_1_63' title='bbox 566 1566 649 1655; x_wconf 90' lang='grc' dir='ltr'><em>πρὸς</em></span> <span class='ocrx_word' id='word_1_64' title='bbox 671 1564 759 1654; x_wconf 80' lang='grc' dir='ltr'><em>ἡμᾶς</em></span> <span class='ocrx_word' id='word_1_65' title='bbox 786 1567 823 1637; x_wconf 76' lang='grc' dir='ltr'><em>δὲ</em></span> <span class='ocrx_word' id='word_1_66' title='bbox 848 1566 889 1637; x_wconf 83' lang='grc' dir='ltr'><em>οὐ</em></span> <span class='ocrx_word' id='word_1_67' title='bbox 912 1571 990 1651; x_wconf 81' lang='grc' dir='ltr'><em>πᾶς,</em></span> <span class='ocrx_word' id='word_1_68' title='bbox 1018 1564 1093 1634; x_wconf 89' lang='grc' dir='ltr'><em>άλλ’</em></span> 
     </span>
     <span class='ocr_line' id='line_1_11' title="bbox 79 1665 1149 1761; baseline 0.004 -18"><span class='ocrx_word' id='word_1_69' title='bbox 79 1665 123 1743; x_wconf 80' lang='grc' dir='ltr'><em>οὗ</em></span> <span class='ocrx_word' id='word_1_70' title='bbox 146 1670 209 1758; x_wconf 81' lang='grc' dir='ltr'><em>τὴν</em></span> <span class='ocrx_word' id='word_1_71' title='bbox 232 1674 364 1758; x_wconf 90' lang='grc' dir='ltr'><em>γένεσιν</em></span> <span class='ocrx_word' id='word_1_72' title='bbox 387 1669 528 1759; x_wconf 85' lang='grc' dir='ltr'><em>ὸρώμεν.</em></span> <span class='ocrx_word' id='word_1_73' title='bbox 575 1673 628 1741; x_wconf 81' lang='grc' dir='ltr'><em>ἐπὶ</em></span> <span class='ocrx_word' id='word_1_74' title='bbox 652 1672 713 1759; x_wconf 78' lang='grc' dir='ltr'><em>μὲν</em></span> <span class='ocrx_word' id='word_1_75' title='bbox 744 1665 807 1742; x_wconf 84' lang='grc' dir='ltr'><em>οὖν</em></span> <span class='ocrx_word' id='word_1_76' title='bbox 831 1678 899 1743; x_wconf 84' lang='grc' dir='ltr'><em>τών</em></span> <span class='ocrx_word' id='word_1_77' title='bbox 922 1674 1095 1761; x_wconf 82' lang='grc' dir='ltr'><em>προτέρων</em></span> <span class='ocrx_word' id='word_1_78' title='bbox 1116 1697 1149 1747; x_wconf 84' lang='lat'><em>10</em></span> 
     </span>
     <span class='ocr_line' id='line_1_12' title="bbox 78 1776 1095 1866; baseline -0.003 -17"><span class='ocrx_word' id='word_1_79' title='bbox 78 1777 312 1866; x_wconf 74' lang='grc' dir='ltr'><em>θεωρημάτων</em></span> <span class='ocrx_word' id='word_1_80' title='bbox 330 1776 386 1846; x_wconf 83' lang='grc' dir='ltr'><em>άτε</em></span> <span class='ocrx_word' id='word_1_81' title='bbox 405 1779 595 1865; x_wconf 83' lang='grc' dir='ltr'><em>γινομένων</em></span> <span class='ocrx_word' id='word_1_82' title='bbox 613 1789 681 1847; x_wconf 79' lang='grc' dir='ltr'><em>τῶν</em></span> <span class='ocrx_word' id='word_1_83' title='bbox 699 1778 833 1848; x_wconf 82' lang='grc' dir='ltr'><em>κύκλων</em></span> <span class='ocrx_word' id='word_1_84' title='bbox 851 1781 907 1849; x_wconf 86' lang='grc' dir='ltr'><em>καλ</em></span> <span class='ocrx_word' id='word_1_85' title='bbox 920 1779 960 1849; x_wconf 82' lang='grc' dir='ltr'><em>τά</em></span> <span class='ocrx_word' id='word_1_86' title='bbox 975 1780 1095 1865; x_wconf 79' lang='grc' dir='ltr'><em>κέντρα</em></span> 
     </span>
     <span class='ocr_line' id='line_1_13' title="bbox 79 1885 1094 1976; baseline 0 -22"><span class='ocrx_word' id='word_1_87' title='bbox 79 1885 221 1975; x_wconf 87' lang='grc' dir='ltr'><em>φανερά.</em></span> <span class='ocrx_word' id='word_1_88' title='bbox 259 1887 311 1953; x_wconf 76' lang='grc' dir='ltr'><em>ἐπὶ</em></span> <span class='ocrx_word' id='word_1_89' title='bbox 333 1885 466 1954; x_wconf 82' lang='grc' dir='ltr'><em>τούτων</em></span> <span class='ocrx_word' id='word_1_90' title='bbox 489 1885 527 1954; x_wconf 78' lang='grc' dir='ltr'><em>δὲ</em></span> <span class='ocrx_word' id='word_1_91' title='bbox 549 1890 609 1973; x_wconf 79' lang='grc' dir='ltr'><em>τῆς</em></span> <span class='ocrx_word' id='word_1_92' title='bbox 628 1886 746 1968; x_wconf 84' lang='grc' dir='ltr'><em>οὐσίας</em></span> <span class='ocrx_word' id='word_1_93' title='bbox 765 1890 965 1976; x_wconf 77' lang='grc' dir='ltr'><em>ζητουμένης</em></span> <span class='ocrx_word' id='word_1_94' title='bbox 982 1887 1038 1955; x_wconf 84' lang='grc' dir='ltr'><em>καί</em></span> <span class='ocrx_word' id='word_1_95' title='bbox 1056 1912 1094 1954; x_wconf 93' lang='grc' dir='ltr'><em>το</em></span> 
     </span>
     <span class='ocr_line' id='line_1_14' title="bbox 77 1990 1097 2082; baseline -0.001 -21"><span class='ocrx_word' id='word_1_96' title='bbox 77 1993 221 2080; x_wconf 85' lang='grc' dir='ltr'><em>κέντρον</em></span> <span class='ocrx_word' id='word_1_97' title='bbox 251 1995 404 2077; x_wconf 79' lang='grc' dir='ltr'><em>ζητεῖται·</em></span> <span class='ocrx_word' id='word_1_98' title='bbox 442 1994 719 2080; x_wconf 86' lang='grc' dir='ltr'><em>συμπληρωτικὸν</em></span> <span class='ocrx_word' id='word_1_99' title='bbox 746 1991 810 2082; x_wconf 82' lang='grc' dir='ltr'><em>γὰρ</em></span> <span class='ocrx_word' id='word_1_100' title='bbox 838 1997 898 2080; x_wconf 80' lang='grc' dir='ltr'><em>τῆς</em></span> <span class='ocrx_word' id='word_1_101' title='bbox 925 1990 1097 2080; x_wconf 81' lang='grc' dir='ltr'><em>ὑπάρξεως</em></span> 
     </span>
     <span class='ocr_line' id='line_1_15' title="bbox 79 2097 1095 2188; baseline 0.002 -22"><span class='ocrx_word' id='word_1_102' title='bbox 79 2108 142 2166; x_wconf 86' lang='grc' dir='ltr'><em>τοῦ</em></span> <span class='ocrx_word' id='word_1_103' title='bbox 170 2097 305 2165; x_wconf 80' lang='grc' dir='ltr'><em>κύκλου.</em></span> <span class='ocrx_word' id='word_1_104' title='bbox 353 2102 452 2166; x_wconf 84' lang='grc' dir='ltr'><em>τοῦτο</em></span> <span class='ocrx_word' id='word_1_105' title='bbox 482 2097 519 2165; x_wconf 77' lang='grc' dir='ltr'><em>ὸὸ</em></span> <span class='ocrx_word' id='word_1_106' title='bbox 546 2098 681 2185; x_wconf 86' lang='grc' dir='ltr'><em>πρώτόν</em></span> <span class='ocrx_word' id='word_1_107' title='bbox 708 2119 792 2185; x_wconf 87' lang='grc' dir='ltr'><em>φησι</em></span> <span class='ocrx_word' id='word_1_108' title='bbox 820 2102 924 2186; x_wconf 88' lang='grc' dir='ltr'><em>μέσον</em></span> <span class='ocrx_word' id='word_1_109' title='bbox 950 2106 1095 2188; x_wconf 88' lang='grc' dir='ltr'><em>προβλη-</em></span> 
     </span>
     <span class='ocr_line' id='line_1_16' title="bbox 79 2202 1149 2293; baseline 0.005 -22"><span class='ocrx_word' id='word_1_110' title='bbox 79 2202 197 2292; x_wconf 80' lang='grc' dir='ltr'><em>μάτων</em></span> <span class='ocrx_word' id='word_1_111' title='bbox 220 2205 275 2271; x_wconf 84' lang='grc' dir='ltr'><em>καὶ</em></span> <span class='ocrx_word' id='word_1_112' title='bbox 298 2208 542 2293; x_wconf 79' lang='grc' dir='ltr'><em>θεωρημάτων·</em></span> <span class='ocrx_word' id='word_1_113' title='bbox 576 2204 664 2272; x_wconf 76' lang='grc' dir='ltr'><em>καθὸ</em></span> <span class='ocrx_word' id='word_1_114' title='bbox 688 2204 837 2293; x_wconf 73' lang='grc' dir='ltr'><em>μὲνγὰρ</em></span> <span class='ocrx_word' id='word_1_115' title='bbox 862 2210 997 2292; x_wconf 79' lang='grc' dir='ltr'><em>ζητῆσαι</em></span> <span class='ocrx_word' id='word_1_116' title='bbox 1020 2231 1097 2291; x_wconf 88' lang='grc' dir='ltr'><em>προ·</em></span> <span class='ocrx_word' id='word_1_117' title='bbox 1116 2227 1149 2277; x_wconf 82' lang='lat'><em>15</em></span> 
     </span>
     <span class='ocr_line' id='line_1_17' title="bbox 80 2309 1096 2398; baseline 0 -19"><span class='ocrx_word' id='word_1_118' title='bbox 80 2315 194 2397; x_wconf 85' lang='grc' dir='ltr'><em>τείνει,</em></span> <span class='ocrx_word' id='word_1_119' title='bbox 208 2315 350 2397; x_wconf 80' lang='grc' dir='ltr'><em>ποιῆσαί</em></span> <span class='ocrx_word' id='word_1_120' title='bbox 360 2335 430 2390; x_wconf 88' lang='grc' dir='ltr'><em>πως</em></span> <span class='ocrx_word' id='word_1_121' title='bbox 443 2309 636 2398; x_wconf 82' lang='grc' dir='ltr'><em>προβάλλει,</em></span> <span class='ocrx_word' id='word_1_122' title='bbox 654 2311 742 2379; x_wconf 78' lang='grc' dir='ltr'><em>καθὸ</em></span> <span class='ocrx_word' id='word_1_123' title='bbox 759 2310 796 2380; x_wconf 75' lang='grc' dir='ltr'><em>δέ</em></span> <span class='ocrx_word' id='word_1_124' title='bbox 811 2309 873 2379; x_wconf 84' lang='grc' dir='ltr'><em>οὐκ</em></span> <span class='ocrx_word' id='word_1_125' title='bbox 887 2315 934 2390; x_wconf 87' lang='grc' dir='ltr'><em>είς</em></span> <span class='ocrx_word' id='word_1_126' title='bbox 949 2316 1096 2398; x_wconf 87' lang='grc' dir='ltr'><em>ποίησιν,</em></span> 
     </span>
     <span class='ocr_line' id='line_1_18' title="bbox 82 2414 1099 2505; baseline 0 -22"><span class='ocrx_word' id='word_1_127' title='bbox 82 2414 157 2484; x_wconf 82' lang='grc' dir='ltr'><em>ἄλλ’</em></span> <span class='ocrx_word' id='word_1_128' title='bbox 174 2421 221 2497; x_wconf 86' lang='grc' dir='ltr'><em>είς</em></span> <span class='ocrx_word' id='word_1_129' title='bbox 236 2415 380 2503; x_wconf 83' lang='grc' dir='ltr'><em>εὕρεσιν,</em></span> <span class='ocrx_word' id='word_1_130' title='bbox 399 2420 482 2486; x_wconf 82' lang='grc' dir='ltr'><em>κατὰ</em></span> <span class='ocrx_word' id='word_1_131' title='bbox 494 2421 594 2485; x_wconf 83' lang='grc' dir='ltr'><em>τοῦτο</em></span> <span class='ocrx_word' id='word_1_132' title='bbox 610 2421 784 2504; x_wconf 79' lang='grc' dir='ltr'><em>θεωρῆσαι</em></span> <span class='ocrx_word' id='word_1_133' title='bbox 797 2421 973 2505; x_wconf 89' lang='grc' dir='ltr'><em>προτείνει.</em></span> <span class='ocrx_word' id='word_1_134' title='bbox 1005 2419 1099 2484; x_wconf 75' lang='grc' dir='ltr'><em>δοκεῖ</em></span> 
     </span>
     <span class='ocr_line' id='line_1_19' title="bbox 82 2519 1097 2611; baseline -0.002 -21"><span class='ocrx_word' id='word_1_135' title='bbox 82 2522 124 2590; x_wconf 78' lang='grc' dir='ltr'><em>δέ</em></span> <span class='ocrx_word' id='word_1_136' title='bbox 146 2548 203 2610; x_wconf 93' lang='grc' dir='ltr'><em>μοι</em></span> <span class='ocrx_word' id='word_1_137' title='bbox 231 2525 517 2611; x_wconf 78' lang='grc' dir='ltr'><em>ἐσχηματισμένην</em></span> <span class='ocrx_word' id='word_1_138' title='bbox 547 2530 625 2611; x_wconf 81' lang='grc' dir='ltr'><em>ἕχον</em></span> <span class='ocrx_word' id='word_1_139' title='bbox 653 2522 715 2611; x_wconf 81' lang='grc' dir='ltr'><em>τὴν</em></span> <span class='ocrx_word' id='word_1_140' title='bbox 744 2522 907 2607; x_wconf 84' lang='grc' dir='ltr'><em>πρότασιν</em></span> <span class='ocrx_word' id='word_1_141' title='bbox 935 2519 1097 2610; x_wconf 76' lang='grc' dir='ltr'><em>θεώρημα</em></span> 
     </span>
     <span class='ocr_line' id='line_1_20' title="bbox 82 2624 1096 2718; baseline -0.001 -22"><span class='ocrx_word' id='word_1_142' title='bbox 82 2625 182 2715; x_wconf 87' lang='grc' dir='ltr'><em>εἶναι,</em></span> <span class='ocrx_word' id='word_1_143' title='bbox 206 2624 251 2708; x_wconf 86' lang='grc' dir='ltr'><em>ώς</em></span> <span class='ocrx_word' id='word_1_144' title='bbox 273 2624 317 2697; x_wconf 83' lang='grc' dir='ltr'><em>άν</em></span> <span class='ocrx_word' id='word_1_145' title='bbox 341 2633 372 2697; x_wconf 83' lang='grc' dir='ltr'><em>εἰ</em></span> <span class='ocrx_word' id='word_1_146' title='bbox 393 2630 547 2717; x_wconf 81' lang='grc' dir='ltr'><em>καὶπερὶ</em></span> <span class='ocrx_word' id='word_1_147' title='bbox 570 2634 631 2698; x_wconf 86' lang='grc' dir='ltr'><em>τοῦ</em></span> <span class='ocrx_word' id='word_1_148' title='bbox 654 2629 813 2718; x_wconf 85' lang='grc' dir='ltr'><em>τετάρτου</em></span> <span class='ocrx_word' id='word_1_149' title='bbox 831 2656 880 2710; x_wconf 90' lang='grc' dir='ltr'><em>τις</em></span> <span class='ocrx_word' id='word_1_150' title='bbox 899 2626 1003 2697; x_wconf 86' lang='grc' dir='ltr'><em>εἶπεν·</em></span> <span class='ocrx_word' id='word_1_151' title='bbox 1031 2627 1096 2695; x_wconf 77' lang='grc' dir='ltr'><em>δύο</em></span> 
     </span>
     <span class='ocr_line' id='line_1_21' title="bbox 81 2726 1150 2824; baseline 0.005 -22"><span class='ocrx_word' id='word_1_152' title='bbox 81 2731 268 2822; x_wconf 77' lang='grc' dir='ltr'><em>τριγώνων,</em></span> <span class='ocrx_word' id='word_1_153' title='bbox 292 2726 341 2802; x_wconf 83' lang='grc' dir='ltr'><em>τὸν</em></span> <span class='ocrx_word' id='word_1_154' title='bbox 365 2734 428 2803; x_wconf 87' lang='grc' dir='ltr'><em>ὸύο</em></span> <span class='ocrx_word' id='word_1_155' title='bbox 451 2735 591 2823; x_wconf 80' lang='grc' dir='ltr'><em>πλευραί</em></span> <span class='ocrx_word' id='word_1_156' title='bbox 611 2744 680 2803; x_wconf 85' lang='grc' dir='ltr'><em>ίσαι</em></span> <span class='ocrx_word' id='word_1_157' title='bbox 698 2737 754 2804; x_wconf 83' lang='grc' dir='ltr'><em>καλ</em></span> <span class='ocrx_word' id='word_1_158' title='bbox 773 2742 903 2824; x_wconf 82' lang='grc' dir='ltr'><em>γωνίαι,</em></span> <span class='ocrx_word' id='word_1_159' title='bbox 921 2735 1045 2821; x_wconf 80' lang='grc' dir='ltr'><em>εὑρεῖν,</em></span> <span class='ocrx_word' id='word_1_160' title='bbox 1068 2738 1099 2801; x_wconf 87' lang='grc' dir='ltr'><em>εί</em></span> <span class='ocrx_word' id='word_1_161' title='bbox 1117 2756 1150 2807; x_wconf 80' lang='lat'><em>20</em></span> 
     </span>
     <span class='ocr_line' id='line_1_22' title="bbox 84 2838 1097 2932; baseline 0.003 -26"><span class='ocrx_word' id='word_1_162' title='bbox 84 2843 122 2906; x_wconf 84' lang='grc' dir='ltr'><em>αλ</em></span> <span class='ocrx_word' id='word_1_163' title='bbox 147 2839 261 2923; x_wconf 81' lang='grc' dir='ltr'><em>βάσεις</em></span> <span class='ocrx_word' id='word_1_164' title='bbox 287 2849 370 2908; x_wconf 85' lang='grc' dir='ltr'><em>ίσαι·</em></span> <span class='ocrx_word' id='word_1_165' title='bbox 412 2838 522 2928; x_wconf 76' lang='grc' dir='ltr'><em>ὥσπερ</em></span> <span class='ocrx_word' id='word_1_166' title='bbox 550 2840 615 2929; x_wconf 82' lang='grc' dir='ltr'><em>γάρ</em></span> <span class='ocrx_word' id='word_1_167' title='bbox 645 2844 713 2910; x_wconf 77' lang='grc' dir='ltr'><em>ἐκεῖ</em></span> <span class='ocrx_word' id='word_1_168' title='bbox 737 2841 803 2930; x_wconf 79' lang='grc' dir='ltr'><em>ἤδη</em></span> <span class='ocrx_word' id='word_1_169' title='bbox 831 2847 871 2932; x_wconf 70' lang='grc' dir='ltr'><em>τῇ</em></span> <span class='ocrx_word' id='word_1_170' title='bbox 901 2840 1001 2928; x_wconf 78' lang='grc' dir='ltr'><em>φύσει</em></span> <span class='ocrx_word' id='word_1_171' title='bbox 1028 2844 1097 2909; x_wconf 84' lang='grc' dir='ltr'><em>τών</em></span> 
     </span>
     <span class='ocr_line' id='line_1_23' title="bbox 83 2943 1096 3036; baseline 0.003 -26"><span class='ocrx_word' id='word_1_172' title='bbox 83 2943 258 3031; x_wconf 79' lang='grc' dir='ltr'><em>τριγώνων</em></span> <span class='ocrx_word' id='word_1_173' title='bbox 282 2946 558 3035; x_wconf 84' lang='grc' dir='ltr'><em>ἐμπεριεχόμενον</em></span> <span class='ocrx_word' id='word_1_174' title='bbox 588 2953 676 3035; x_wconf 79' lang='grc' dir='ltr'><em>ζητεῖ</em></span> <span class='ocrx_word' id='word_1_175' title='bbox 696 2948 896 3036; x_wconf 88' lang='grc' dir='ltr'><em>σάμπτωμα,</em></span> <span class='ocrx_word' id='word_1_176' title='bbox 925 2947 1012 3015; x_wconf 81' lang='grc' dir='ltr'><em>οὕτω</em></span> <span class='ocrx_word' id='word_1_177' title='bbox 1041 2946 1096 3014; x_wconf 81' lang='grc' dir='ltr'><em>καὶ</em></span> 
     </span>
     <span class='ocr_line' id='line_1_24' title="bbox 85 3052 1097 3141; baseline 0.002 -24"><span class='ocrx_word' id='word_1_178' title='bbox 85 3053 234 3118; x_wconf 80' lang='grc' dir='ltr'><em>ἐνταῦθα</em></span> <span class='ocrx_word' id='word_1_179' title='bbox 265 3055 304 3141; x_wconf 76' lang='grc' dir='ltr'><em>τῇ</em></span> <span class='ocrx_word' id='word_1_180' title='bbox 331 3056 392 3121; x_wconf 85' lang='grc' dir='ltr'><em>τοῦ</em></span> <span class='ocrx_word' id='word_1_181' title='bbox 420 3052 560 3135; x_wconf 86' lang='grc' dir='ltr'><em>κύκλον,</em></span> <span class='ocrx_word' id='word_1_182' title='bbox 592 3052 699 3134; x_wconf 81' lang='grc' dir='ltr'><em>ἄλλως</em></span> <span class='ocrx_word' id='word_1_183' title='bbox 726 3080 761 3122; x_wconf 86' lang='grc' dir='ltr'><em>τε</em></span> <span class='ocrx_word' id='word_1_184' title='bbox 788 3055 844 3121; x_wconf 81' lang='grc' dir='ltr'><em>καὶ</em></span> <span class='ocrx_word' id='word_1_185' title='bbox 877 3057 907 3121; x_wconf 87' lang='grc' dir='ltr'><em>εί</em></span> <span class='ocrx_word' id='word_1_186' title='bbox 933 3057 994 3120; x_wconf 86' lang='grc' dir='ltr'><em>τοῦ</em></span> <span class='ocrx_word' id='word_1_187' title='bbox 1017 3077 1097 3137; x_wconf 90' lang='grc' dir='ltr'><em>προ-</em></span> 
     </span>
     <span class='ocr_line' id='line_1_25' title="bbox 83 3156 1096 3249; baseline 0.001 -25"><span class='ocrx_word' id='word_1_188' title='bbox 83 3156 250 3244; x_wconf 85' lang='grc' dir='ltr'><em>βλήματος</em></span> <span class='ocrx_word' id='word_1_189' title='bbox 282 3163 372 3226; x_wconf 85' lang='grc' dir='ltr'><em>ίὸιον</em></span> <span class='ocrx_word' id='word_1_190' title='bbox 403 3160 459 3227; x_wconf 84' lang='grc' dir='ltr'><em>καί</em></span> <span class='ocrx_word' id='word_1_191' title='bbox 491 3158 690 3228; x_wconf 82' lang='grc' dir='ltr'><em>τούναντίον</em></span> <span class='ocrx_word' id='word_1_192' title='bbox 722 3164 780 3249; x_wconf 81' lang='grc' dir='ltr'><em>τῆς</em></span> <span class='ocrx_word' id='word_1_193' title='bbox 812 3159 1003 3248; x_wconf 89' lang='grc' dir='ltr'><em>προτάσεως</em></span> <span class='ocrx_word' id='word_1_194' title='bbox 1030 3159 1096 3225; x_wconf 81' lang='grc' dir='ltr'><em>ἐπι-</em></span> 
     </span>
    </p>
   </div>
   <div class='ocr_carea' id='block_1_4' title="bbox 82 3269 296 3278">
    <p class='ocr_par' dir='ltr' id='par_1_5' title="bbox 82 3269 296 3278">
     <span class='ocr_line' id='line_1_26' title="bbox 82 3269 296 3278; baseline 0.014 -3"><span class='ocrx_word' id='word_1_195' title='bbox 82 3269 296 3278; x_wconf 76' lang='lat'>—————</span> 
     </span>
    </p>
   </div>
   <div class='ocr_carea' id='block_1_5' title="bbox 155 3298 1037 3358">
    <p class='ocr_par' dir='ltr' id='par_1_6' title="bbox 155 3298 1037 3358">
     <span class='ocr_line' id='line_1_27' title="bbox 155 3298 1037 3358; baseline 0.005 -4"><span class='ocrx_word' id='word_1_196' title='bbox 155 3305 180 3354; x_wconf 87' lang='grc'><em>9.</em></span> <span class='ocrx_word' id='word_1_197' title='bbox 199 3298 347 3356; x_wconf 76' lang='lat' dir='ltr'><strong>PBFVat.</strong></span> <span class='ocrx_word' id='word_1_198' title='bbox 421 3307 462 3357; x_wconf 91' lang='grc'><em>10.</em></span> <span class='ocrx_word' id='word_1_199' title='bbox 481 3300 626 3357; x_wconf 77' lang='lat' dir='ltr'><strong>PBFVat.</strong></span> <span class='ocrx_word' id='word_1_200' title='bbox 647 3305 676 3358; x_wconf 73' lang='grc' dir='ltr'><em>τὸ</em></span> <span class='ocrx_word' id='word_1_201' title='bbox 692 3302 730 3358; x_wconf 72' lang='lat' dir='ltr'><em>ad</em></span> <span class='ocrx_word' id='word_1_202' title='bbox 747 3298 852 3357; x_wconf 76' lang='grc' dir='ltr'><em>κύκλον</em></span> <span class='ocrx_word' id='word_1_203' title='bbox 870 3301 919 3357; x_wconf 77' lang='lat' dir='ltr'><strong>lin.</strong></span> <span class='ocrx_word' id='word_1_204' title='bbox 939 3308 973 3357; x_wconf 79' lang='lat'><em>14</em></span> <span class='ocrx_word' id='word_1_205' title='bbox 991 3302 1037 3358; x_wconf 76' lang='lat' dir='ltr'><em>V⁴.</em></span> 
     </span>
    </p>
   </div>
   <div class='ocr_carea' id='block_1_6' title="bbox 83 3422 1096 3641">
    <p class='ocr_par' dir='ltr' id='par_1_7' title="bbox 83 3422 1096 3641">
     <span class='ocr_line' id='line_1_28' title="bbox 155 3422 1096 3498; baseline 0.003 -20"><span class='ocrx_word' id='word_1_206' title='bbox 155 3429 180 3477; x_wconf 76' lang='lat'><em>2.</em></span> <span class='ocrx_word' id='word_1_207' title='bbox 201 3424 246 3496; x_wconf 85' lang='grc' dir='ltr'><em>α’]</em></span> <span class='ocrx_word' id='word_1_208' title='bbox 265 3422 366 3495; x_wconf 76' lang='grc' dir='ltr'><em>πρώτῳ</em></span> <span class='ocrx_word' id='word_1_209' title='bbox 386 3426 423 3498; x_wconf 77' lang='grc' dir='ltr'><em>τῷ</em></span> <span class='ocrx_word' id='word_1_210' title='bbox 443 3425 478 3491; x_wconf 86' lang='grc' dir='ltr'><em>Ρ,</em></span> <span class='ocrx_word' id='word_1_211' title='bbox 497 3424 622 3496; x_wconf 77' lang='grc' dir='ltr'><em>δευτέρῳ</em></span> <span class='ocrx_word' id='word_1_212' title='bbox 641 3426 672 3480; x_wconf 88' lang='grc' dir='ltr'><em>Β.</em></span> <span class='ocrx_word' id='word_1_213' title='bbox 746 3424 788 3488; x_wconf 83' lang='grc' dir='ltr'><em>είς</em></span> <span class='ocrx_word' id='word_1_214' title='bbox 806 3422 838 3480; x_wconf 89' lang='grc' dir='ltr'><em>τὸ</em></span> <span class='ocrx_word' id='word_1_215' title='bbox 857 3422 888 3480; x_wconf 87' lang='grc' dir='ltr'><em>α’</em></span> <span class='ocrx_word' id='word_1_216' title='bbox 907 3424 997 3482; x_wconf 73' lang='lat' dir='ltr'><strong>Fvat.</strong></span> <span class='ocrx_word' id='word_1_217' title='bbox 1070 3431 1096 3481; x_wconf 87' lang='lat'><em>8.</em></span> 
     </span>
     <span class='ocr_line' id='line_1_29' title="bbox 83 3489 1095 3576; baseline 0.001 -26"><span class='ocrx_word' id='word_1_218' title='bbox 83 3492 124 3556; x_wconf 78' lang='grc' dir='ltr'><em>είς</em></span> <span class='ocrx_word' id='word_1_219' title='bbox 143 3493 174 3550; x_wconf 88' lang='grc' dir='ltr'><em>τὸ</em></span> <span class='ocrx_word' id='word_1_220' title='bbox 195 3489 266 3549; x_wconf 81' lang='grc' dir='ltr'><em>οὖτά</em></span> <span class='ocrx_word' id='word_1_221' title='bbox 289 3494 354 3550; x_wconf 79' lang='lat' dir='ltr'><strong>Vat.</strong></span> <span class='ocrx_word' id='word_1_222' title='bbox 446 3495 515 3567; x_wconf 86' lang='grc' dir='ltr'><em>μέν]</em></span> <span class='ocrx_word' id='word_1_223' title='bbox 534 3514 588 3551; x_wconf 85' lang='lat' dir='ltr'><em>om.</em></span> <span class='ocrx_word' id='word_1_224' title='bbox 608 3496 646 3565; x_wconf 77' lang='lat' dir='ltr'><em>V,</em></span> <span class='ocrx_word' id='word_1_225' title='bbox 670 3493 723 3566; x_wconf 70' lang='grc' dir='ltr'><em>μὸν</em></span> <span class='ocrx_word' id='word_1_226' title='bbox 746 3489 798 3553; x_wconf 74' lang='grc' dir='ltr'><em>οὖν</em></span> <span class='ocrx_word' id='word_1_227' title='bbox 821 3497 851 3553; x_wconf 88' lang='grc' dir='ltr'><em>Ρ.</em></span> <span class='ocrx_word' id='word_1_228' title='bbox 943 3504 967 3554; x_wconf 82' lang='grc'><em>9.</em></span> <span class='ocrx_word' id='word_1_229' title='bbox 992 3493 1095 3576; x_wconf 77' lang='grc' dir='ltr'><em>αὑτοῦ]</em></span> 
     </span>
     <span class='ocr_line' id='line_1_30' title="bbox 84 3561 1095 3641; baseline 0.002 -20"><span class='ocrx_word' id='word_1_230' title='bbox 84 3561 187 3621; x_wconf 73' lang='grc' dir='ltr'><em>ἑαυτοῦ</em></span> <span class='ocrx_word' id='word_1_231' title='bbox 208 3564 239 3634; x_wconf 85' lang='grc' dir='ltr'><em>Β,</em></span> <span class='ocrx_word' id='word_1_232' title='bbox 258 3561 330 3638; x_wconf 80' lang='grc' dir='ltr'><em>αὐτῇ</em></span> <span class='ocrx_word' id='word_1_233' title='bbox 350 3565 384 3621; x_wconf 94' lang='lat' dir='ltr'><em>V.</em></span> <span class='ocrx_word' id='word_1_234' title='bbox 458 3574 500 3623; x_wconf 88' lang='grc'><em>10.</em></span> <span class='ocrx_word' id='word_1_235' title='bbox 520 3561 585 3641; x_wconf 78' lang='grc' dir='ltr'><em>οὖν]</em></span> <span class='ocrx_word' id='word_1_236' title='bbox 605 3585 659 3623; x_wconf 90' lang='lat' dir='ltr'><em>om.</em></span> <span class='ocrx_word' id='word_1_237' title='bbox 678 3567 712 3623; x_wconf 91' lang='lat' dir='ltr'><em>V.</em></span> <span class='ocrx_word' id='word_1_238' title='bbox 791 3574 832 3622; x_wconf 83' lang='lat'><em>13.</em></span> <span class='ocrx_word' id='word_1_239' title='bbox 853 3565 1095 3640; x_wconf 77' lang='grc' dir='ltr'><em>συμπληρωτικὸν]</em></span> 
     </span>
    </p>
   </div>
   <div class='ocr_carea' id='block_1_7' title="bbox 83 3628 1097 3833">
    <p class='ocr_par' dir='ltr' id='par_1_8' title="bbox 83 3628 1097 3833">
     <span class='ocr_line' id='line_1_31' title="bbox 83 3628 1097 3708; baseline 0.002 -17"><span class='ocrx_word' id='word_1_240' title='bbox 83 3628 135 3692; x_wconf 77' lang='grc' dir='ltr'><em>οὖν</em></span> <span class='ocrx_word' id='word_1_241' title='bbox 154 3635 330 3705; x_wconf 82' lang='grc' dir='ltr'><em>κληρωτικὸν</em></span> <span class='ocrx_word' id='word_1_242' title='bbox 349 3637 380 3706; x_wconf 89' lang='grc' dir='ltr'><em>Ρ,</em></span> <span class='ocrx_word' id='word_1_243' title='bbox 399 3635 598 3708; x_wconf 79' lang='grc' dir='ltr'><em>συμπλήρωται</em></span> <span class='ocrx_word' id='word_1_244' title='bbox 615 3637 649 3694; x_wconf 89' lang='lat' dir='ltr'><em>V.</em></span> <span class='ocrx_word' id='word_1_245' title='bbox 713 3634 869 3708; x_wconf 72' lang='grc' dir='ltr'><em>ὸῦιαρξις</em></span> <span class='ocrx_word' id='word_1_246' title='bbox 887 3640 921 3697; x_wconf 90' lang='lat' dir='ltr'><em>V.</em></span> <span class='ocrx_word' id='word_1_247' title='bbox 995 3646 1036 3694; x_wconf 78' lang='lat'><em>17.</em></span> <span class='ocrx_word' id='word_1_248' title='bbox 1056 3637 1097 3701; x_wconf 80' lang='grc' dir='ltr'><em>είς</em></span> 
     </span>
     <span class='ocr_line' id='line_1_32' title="bbox 84 3702 1095 3833; baseline 0.002 -70"><span class='ocrx_word' id='word_1_249' title='bbox 84 3702 207 3833; x_wconf 55' lang='grc' dir='ltr'><em>εὕρεσινῐχ</em></span> <span class='ocrx_word' id='word_1_250' title='bbox 227 3703 373 3777; x_wconf 81' lang='grc' dir='ltr'><em>έκεύρισιν</em></span> <span class='ocrx_word' id='word_1_251' title='bbox 392 3707 423 3762; x_wconf 89' lang='grc' dir='ltr'><em>Β.</em></span> <span class='ocrx_word' id='word_1_252' title='bbox 494 3716 536 3763; x_wconf 77' lang='lat'><em>20.</em></span> <span class='ocrx_word' id='word_1_253' title='bbox 556 3711 676 3778; x_wconf 80' lang='grc' dir='ltr'><em>πλευραί</em></span> <span class='ocrx_word' id='word_1_254' title='bbox 694 3711 765 3783; x_wconf 81' lang='grc' dir='ltr'><em>ίοαι]</em></span> <span class='ocrx_word' id='word_1_255' title='bbox 787 3730 867 3779; x_wconf 84' lang='grc' dir='ltr'><em>ουχιν</em></span> <span class='ocrx_word' id='word_1_256' title='bbox 886 3710 916 3767; x_wconf 90' lang='lat' dir='ltr'><em>P.</em></span> <span class='ocrx_word' id='word_1_257' title='bbox 982 3710 1095 3783; x_wconf 79' lang='grc' dir='ltr'><em>γωνίαι]</em></span> 
     </span>
    </p>
   </div>
   <div class='ocr_carea' id='block_1_8' title="bbox 83 3777 1098 3920">
    <p class='ocr_par' dir='ltr' id='par_1_9' title="bbox 83 3777 1098 3920">
     <span class='ocr_line' id='line_1_33' title="bbox 83 3777 1098 3853; baseline 0.003 -20"><span class='ocrx_word' id='word_1_258' title='bbox 83 3798 165 3848; x_wconf 84' lang='grc' dir='ltr'><em>γωγω</em></span> <span class='ocrx_word' id='word_1_259' title='bbox 307 3784 350 3836; x_wconf 73' lang='lat'><em>22.</em></span> <span class='ocrx_word' id='word_1_260' title='bbox 375 3777 544 3853; x_wconf 78' lang='grc' dir='ltr'><em>σύμπτωμα]</em></span> <span class='ocrx_word' id='word_1_261' title='bbox 640 3778 743 3851; x_wconf 85' lang='grc' dir='ltr'><em>όμασιν</em></span> <span class='ocrx_word' id='word_1_262' title='bbox 761 3782 791 3852; x_wconf 75' lang='grc' dir='ltr'><em>Ρ,</em></span> <span class='ocrx_word' id='word_1_263' title='bbox 811 3780 1012 3853; x_wconf 81' lang='grc' dir='ltr'><em>συμπτώμασιν</em></span> <span class='ocrx_word' id='word_1_264' title='bbox 1031 3781 1098 3837; x_wconf 71' lang='lat' dir='ltr'><em>Vat.</em></span> 
     </span>
     <span class='ocr_line' id='line_1_34' title="bbox 120 3846 462 3920; baseline 0.006 -15"><span class='ocrx_word' id='word_1_265' title='bbox 120 3856 162 3906; x_wconf 77' lang='lat'><em>23.</em></span> <span class='ocrx_word' id='word_1_266' title='bbox 182 3848 220 3920; x_wconf 86' lang='grc' dir='ltr'><em>εί]</em></span> <span class='ocrx_word' id='word_1_267' title='bbox 241 3846 257 3919; x_wconf 81' lang='grc' dir='ltr'>ἡ</span> <span class='ocrx_word' id='word_1_268' title='bbox 277 3849 306 3919; x_wconf 80' lang='grc' dir='ltr'><em>Ρ,</em></span> <span class='ocrx_word' id='word_1_269' title='bbox 327 3867 378 3905; x_wconf 88' lang='lat' dir='ltr'><em>om.</em></span> <span class='ocrx_word' id='word_1_270' title='bbox 400 3852 462 3907; x_wconf 78' lang='lat' dir='ltr'><strong>Vat.</strong></span> 
     </span>
    </p>
   </div>
   <div class='ocr_carea' id='block_1_9' title="bbox 0 0 1217 4236">
    <p class='ocr_par' dir='ltr' id='par_1_10' title="bbox 0 0 1217 4236">
     <span class='ocr_line' id='line_1_35' title="bbox 0 0 1217 4236; baseline 0 0"><span class='ocrx_word' id='word_1_271' title='bbox 0 0 1217 4236; x_wconf 95' lang='lat' dir='ltr'><em> </em></span> 
     </span>
    </p>
   </div>
  </div>
 </body>
</html>
