2414 4236
131 498 173 564 58
500 499 703 557 ΣΤΟΙΧΕῙΩΝ
720 495 768 557 ιε’.

131 641 244 728 μεῖζόν
258 642 365 728 Ιἐστιν.
401 639 542 729 ἀμβλεῖα
561 639 627 728 ἀρα
646 641 737 711 ἐστίν
755 638 776 728 ή
795 638 861 712 ἀπὸ
881 649 984 711 ΒΖΔ
1002 646 1147 729 [γωνία].

130 748 186 814 καὶ
214 747 283 815 ἐπεὶ
307 747 370 817 δάο
398 749 564 817 ἐπιπέδων
592 758 661 818 τῶν
684 755 801 835 ΑΒΕ,
824 756 933 818 ΑΔΒ
956 749 1148 836 τεμνόντων

132 851 259 940 άλληλα
280 852 378 941 κοινή
401 852 486 942 τομή
507 857 598 924 έστιν
617 851 638 941 ἡ
658 862 735 940 ΑΒ,
757 855 813 923 καὶ
831 854 917 942 πρὸς
934 851 1043 941 ὀρθάς
1061 852 1146 943 αάτή

131 962 168 1028 έν
192 960 333 1053 ἑκατέρω
356 965 425 1030 τών
447 963 614 1030 ἐπιπέδων
636 957 780 1048 ἠγμέναι
802 962 890 1030 είσδν
919 964 957 1029 αί
977 968 1056 1047 ΒΖ,
1080 967 1148 1029 ΖΔ

97 1092 113 1140 σ
132 1068 343 1155 περιέχουσαι
366 1067 541 1155 ἀμβλεῖαν,
564 1064 585 1154 ἡ
607 1064 675 1136 άπὸ
693 1074 796 1136 ΒΖΔ
817 1065 885 1155 ἀρα
907 1074 1014 1155 γωνία
1036 1067 1058 1154 ἡ
1082 1073 1148 1136 λεί-

130 1173 241 1242 πουσά
261 1176 352 1243 ἐστιν
370 1178 418 1254 είς
435 1172 495 1254 τάς
513 1172 578 1242 δύο
598 1170 707 1261 ὀρθάς
719 1177 778 1260 τῆς
795 1180 934 1255 κλίσεως
951 1178 1021 1244 τών
1036 1180 1148 1261 ΑΒΕ,

131 1282 238 1370 ΔηΔΒ
259 1281 433 1350 ἐπιπέδων.
472 1277 532 1347 ἐὰν
555 1277 621 1366 ἀρα
640 1281 730 1367 δοθῇ
753 1276 860 1367 ήόπό
875 1286 988 1366 ΒΖΔ,
1011 1281 1146 1349 δέδοται

130 1388 185 1454 καὶ
208 1385 230 1474 ἡ
254 1386 411 1474 εἰρημένη
434 1391 549 1465 κλίσις.
587 1383 657 1453 έπεί
680 1375 745 1454 οὖν
768 1386 904 1455 δέδοται
921 1382 960 1454 τὸ
977 1391 1145 1473 τρίγωνον

130 1498 190 1560 τοῦ
218 1489 417 1579 ὀκταέδρου,
448 1492 505 1559 καὶ
532 1497 592 1577 μία
619 1490 748 1578 πλευρά
776 1493 846 1560 έστι
872 1495 935 1561 τοῦ
961 1488 1147 1579 ὀκταέδρου

80 1598 152 1686 ιοή
180 1608 266 1684 ΑΔ,
295 1599 351 1666 καὶ
378 1595 435 1666 ἀπ’
465 1595 569 1683 αὐτῆς
595 1595 806 1684 τετράγωνον
832 1595 1080 1685 ἀναγέγραπται
1107 1595 1146 1666 τὸ

131 1711 207 1791 ΑΓ,
228 1707 361 1773 δέδοται
375 1703 431 1772 καὶ
445 1701 466 1790 ἡ
481 1711 550 1771 ΒΔ
564 1702 741 1791 διάμετρος
754 1695 840 1772 οὖσα
852 1707 914 1773 τοῦ
926 1702 1147 1791 τετραγώνου.

131 1809 216 1879 ἀλλά
249 1812 316 1898 μήν
348 1811 403 1878 καὶ
436 1813 475 1878 αί
503 1817 580 1896 ΒΖ,
609 1817 677 1877 ΖΔ
707 1808 845 1879 κάθετοι
875 1813 937 1881 τοῦ
969 1808 1145 1897 τριγώνου.

132 1916 294 1986 ὥστεκαὶ
317 1913 338 2004 ή
361 1914 429 1985 ὑπὸ
448 1922 550 1984 ΒΖΔ
571 1920 679 2002 γωνία
702 1917 846 1985 δέδοται.
889 1915 1145 2004 ἀναγραφέντος

131 2022 197 2107 άρα
224 2022 436 2110 τετραγώνου
463 2020 530 2091 ἀπὸ
555 2026 614 2109 τῆς
640 2027 786 2110 πλευρᾶς
813 2026 875 2093 τοῦ
902 2022 1073 2111 τριγώνου
1101 2019 1147 2102 ὦς

81 2151 113 2200 1⁶
132 2133 193 2196 τοῦ
211 2134 279 2195 ΑΓ
298 2129 353 2195 καὶ
377 2130 624 2215 ἐπιζευχθείσης
646 2130 704 2213 τῆς
728 2130 910 2215 διαμέτρου
934 2128 979 2208 ώς
1000 2132 1058 2214 τής
1077 2137 1145 2197 ΒΔ

131 2234 190 2303 ἐὰν
208 2236 359 2320 κέντροις
376 2247 446 2314 τοῖς
460 2241 500 2319 Β,
515 2243 559 2319 Δ,
579 2232 774 2321 διαστήματι
795 2233 832 2301 δὲ
846 2245 886 2322 τῇ
901 2239 963 2302 τοῦ
977 2234 1145 2322 τριγώνου

129 2341 261 2432 καθέτῳ
276 2339 419 2420 κύκλους
433 2339 664 2426 έγγράψωμεν,
682 2338 864 2426 τέμνουσιν
883 2337 1049 2427 ἀλλήλους
1062 2337 1145 2409 κατά

128 2447 167 2516 τό
186 2456 224 2532 Ζ,
247 2448 302 2514 καὶ
326 2449 364 2513 αί
384 2444 530 2513 ἀπὸτοῦ
550 2451 577 2511 Ζ
600 2444 652 2513 ἐπὶ
672 2442 711 2511 τά
730 2446 850 2531 κέντρα
870 2446 1143 2532 ἐπιζευγνύμεναι

130 2550 260 2621 εὐθεῖαι
288 2553 476 2636 περιέξουσι
503 2554 566 2637 τήν
593 2555 704 2618 κλίσιν
736 2549 798 2636 τὴν
830 2549 897 2620 ὑπὸ
926 2559 1040 2638 ΒΖΔ,
1072 2550 1145 2638 ήτις

77 2680 112 2729 20
131 2659 221 2725 ἐστὶν
242 2654 263 2743 ή
288 2662 460 2741 λείπουσα,
483 2653 529 2734 ώς
551 2663 694 2742 είρηται,
719 2661 765 2736 είς
788 2656 846 2736 τάς
869 2657 931 2726 δύο
956 2656 1064 2745 ὀρθάς
1086 2663 1145 2745 τῆς

129 2774 196 2831 τών
224 2764 389 2831 ἐπιπέδων
416 2767 563 2841 κλίσεως.
612 2761 668 2829 καί
697 2765 845 2831 ἐνταῦθα
874 2764 912 2832 δὲ
939 2764 1043 2851 σαφές
1070 2767 1142 2851 μέν,

130 2866 176 2948 ώς
203 2870 342 2955 ἑκατέρα
369 2879 437 2937 τῶν
460 2875 535 2954 ΒΖ,
560 2875 626 2935 ΖΔ
656 2874 775 2954 μείζων
804 2871 872 2938 ἐστὶ
903 2874 962 2955 τίς
993 2869 1145 2958 ἡμισείας

129 2986 187 3061 τῆς
206 2983 282 3061 ΒΔ,
304 2976 360 3043 καί
384 2974 440 3043 διά
464 2978 563 3043 τοῦτο
589 2975 641 3042 ἐπὶ
664 2979 722 3062 τής
744 2973 925 3063 ὀργανικῆς
942 2981 1145 3063 κατασκευης

129 3080 258 3169 ἀνάγκη
286 3084 419 3167 τέμνειν
446 3077 526 3160 τοὺς
552 3079 696 3160 κύκλους
723 3079 898 3168 ἀλλήλους.
943 3085 998 3150 καί
1028 3086 1062 3152 ἐκ
1086 3089 1145 3170 τῆς

76 3211 110 3258 25
129 3186 328 3270 ἀποδείξεως
352 3186 389 3255 δὲ
409 3190 515 3272 δῆλον
534 3189 686 3272 γέγονεν,
710 3183 756 3266 ώς
775 3184 879 3273 ήΒΔ
897 3187 982 3275 πρὸς
999 3188 1062 3275 μὲν
1080 3190 1143 3275 τὴν

130 3302 195 3362 ΔΖ
219 3295 360 3381 δυνάμει
384 3292 488 3379 λόγον
508 3297 584 3378 ἔχει,
608 3287 649 3359 ὀν
667 3302 690 3377 ἦ
707 3292 790 3378 πρὸς
808 3298 843 3379 γ’
865 3296 923 3380 τῆς
942 3293 980 3361 δέ
994 3292 1144 3381 ἡμισείας

129 3411 187 3486 τῆς
209 3408 276 3468 ΒΔ
304 3398 444 3485 δυνάμει
474 3396 543 3465 ἐστὶ
571 3403 800 3483 τετραπλασία.
847 3395 931 3466 ὥστε
960 3397 1016 3467 διδι
1043 3405 1143 3468 τοῦτο

202 3637 226 3682 1.
246 3625 333 3701 ἔστιν]
356 3622 414 3683 έστι
432 3629 484 3681 καί
499 3625 533 3693 Ρ,
560 3621 636 3682 ἔστιν
654 3629 706 3681 καί
721 3627 758 3695 Β,
783 3623 841 3683 ἔστι
860 3648 885 3684 v.
966 3631 1068 3702 γωνία]
1089 3648 1142 3687 om.

131 3699 196 3756 Vm.
270 3706 295 3755 3.
315 3700 382 3771 καί]
402 3696 539 3754 αίδέΒλ
612 3703 637 3753 4.
657 3695 704 3769 αλ]
725 3693 854 3766 ώςαίν,
875 3697 957 3755 αίδέ
978 3699 1043 3755 Vm.
1117 3710 1142 3756 δ.

124 3767 655 3896 ὀέῗόχόὀῗ]ίοῖέὲῗὲίέίόω
671 3769 821 3912 ’ὀάηνὸω
842 3768 1143 3914 ᾞΜήοώόὀ]
