2414 4236
145 508 209 573 146
301 509 457 563 sonum
474 510 513 561 IN
530 511 805 565 ELEMENTORUM
821 510 997 565 mauu

212 654 265 718 62.
305 648 370 729 Τάς
399 650 517 736 ἐφεξῆς
543 655 668 736 γωνίας
698 654 767 719 τῶν
794 652 877 721 κατά
902 648 1062 739 κορυφήν
1089 652 1161 719 δια,

144 758 262 844 φέρειν
280 757 403 842 φαμέν·
426 760 496 825 τῶν
518 754 581 843 μὲν
603 756 667 844 γὰρ
684 753 707 842 ή
725 758 855 843 γένεσις
870 758 955 825 κατὰ
971 754 1036 843 τήν
1052 756 1163 844 τομήν

143 868 271 950 γίνεται
294 866 362 930 τῶν
385 861 448 930 δύο
472 861 635 948 εὐθειῶν,
662 866 732 931 τοῖν
759 864 797 931 δέ
825 866 884 949 τῆς
910 859 1024 948 ἀείρας
1050 860 1162 949 μόνον

143 969 219 1054 περὶ
239 967 301 1055 τήν
320 964 437 1055 ἑτέραν
456 971 701 1055 διαιρουμένης.
734 968 795 1037 έὰν
812 967 878 1055 γὰρ
894 960 918 1059 ᾖ
935 966 1056 1037 εὐθεῖα
1073 966 1161 1057 αὐτὴ

108 1076 205 1163 ὁμέν
228 1074 385 1162 ἀτμητος,
413 1075 580 1161 τέμνουσα
605 1073 642 1142 δὲ
663 1078 709 1163 τῷ
732 1075 853 1161 ἑαυτῆς
873 1076 990 1163 πέρατι
1012 1076 1161 1163 έαείνηυ,

144 1182 207 1250 δύο
229 1195 320 1250 ποιεῖ
344 1186 483 1267 γωνίας,
516 1177 557 1260 ἀς
581 1184 750 1268 καλοῦμεν
778 1183 911 1268 ἐφεξῆς,
943 1180 1004 1251 έάν
1032 1179 1071 1250 δὲ
1097 1178 1157 1251 ὑπ’

142 1287 297 1375 ἀλλήλων
323 1295 479 1373 τμηθωσι
506 1287 571 1356 δύο
598 1284 746 1374 εὐθεῖαι,
778 1286 862 1356 κατὰ
890 1288 1049 1377 κορυφὴν
1074 1286 1159 1357 ἀπσ-

143 1399 316 1461 τελούνται
329 1399 463 1479 γωνίαι·
486 1398 669 1462 καλοῦνται
684 1394 722 1462 δὲ
736 1392 854 1479 οὕτως,
868 1392 920 1465 ὅτι
933 1392 992 1475 τὰς
1004 1392 1160 1481 κορυφὰς

143 1505 190 1579 είς
216 1498 317 1568 ταύτὸ
347 1499 584 1586 σνμβαλούσας
611 1504 725 1587 ἔχουσι
754 1514 908 1587 σημεῖον·
942 1500 1093 1588 κορυφαί
1120 1500 1160 1571 δέ

90 1629 124 1678 10
142 1604 254 1675 αὐτῶν
276 1606 316 1674 τά
340 1621 472 1694 σημεῖα,
494 1606 578 1694 πρὸς
601 1603 622 1674 ἀ
645 1606 860 1694 συναγόμενα
881 1604 923 1674 τὰ
941 1608 1081 1675 έπίκεδα
1098 1605 1160 1689 τὰς

141 1719 265 1797 γωνίας
288 1727 386 1781 ποιεῖ.
429 1717 529 1781 τοῦτο
550 1712 589 1781 τὸ
612 1713 775 1800 θεώρημα
798 1718 988 1798 δείκνυσιν,
1016 1710 1069 1781 ὅτι
1093 1710 1158 1783 δύο

142 1818 288 1887 εὐθειῶν
311 1818 457 1905 ἀλλήλας
477 1823 673 1904 τεμνουσῶν
697 1823 734 1886 αί
752 1817 837 1886 κατὰ
859 1818 1016 1905 κορυφὴν
1033 1824 1159 1905 γωνίαι

142 1932 212 1990 ίσαι
236 1930 337 2010 είσίυ,
366 1922 560 2010 ηὑρημένον
583 1927 659 2011 μέν,
691 1923 736 2005 ὥς
757 1945 864 2012 φησιν
887 1922 1061 2011 Εὔδημος,
1089 1922 1159 1995 ὐπὸ

141 2034 255 2098 Θαλοῦ
291 2030 443 2115 πρώτον,
484 2035 542 2116 τῆς
578 2030 616 2099 δὲ
652 2034 909 2118 έπιστημουικής
943 2029 1155 2112 ἀποδείξεως.

90 2160 123 2208 15
141 2133 353 2221 ἀντιστρέφει
377 2136 414 2205 δέ
437 2140 482 2227 τῷ
507 2137 549 2204 ιε’
573 2137 766 2223 θεωρήματι
789 2135 871 2204 ἀλλο
895 2141 1065 2205 τοιοῦτον·
1096 2135 1158 2205 έάν

140 2241 223 2328 πρός
254 2269 320 2310 τινι
353 2240 471 2333 εὐθείᾳ
502 2243 547 2329 μή
581 2244 633 2311 έπὶ
665 2242 705 2310 τά
740 2241 823 2310 αὐτὰ
857 2246 939 2329 μέρη
971 2249 1158 2329 ληφθεῖσαι

139 2352 262 2417 ποιῶσι
289 2348 347 2428 τὰς
373 2348 456 2417 κατά
486 2349 640 2436 κορυφήν
668 2355 793 2435 γωνίας
821 2357 910 2434 ίσας,
944 2347 993 2417 ἐπ’
1020 2347 1160 2431 εὐθείας

141 2461 274 2524 ἔσονται
297 2454 456 2541 ἀλλήλαις
479 2459 516 2522 αί
537 2454 676 2523 εὐθεῖαι.

203 2560 265 2627 Ἕν
293 2588 325 2627 τι
352 2565 419 2628 τούν
447 2566 678 2647 γεωμετρικῶν
707 2565 798 2629 ἐστιν
827 2558 1006 2648 ὐυομάτων
1034 2560 1072 2630 τὸ
1098 2562 1158 2631 πό-

86 2691 121 2741 20
140 2687 249 2753 ρισμα.
268 2676 409 2734 καλοῦσι
424 2667 461 2734 δὲ
474 2674 662 2754 πορίσματα
676 2670 731 2735 καὶ
742 2669 805 2735 ὅσα
816 2667 1157 2753 συγκατασκευάζεται

139 2772 340 2858 θεωρήματα
362 2787 434 2852 ταῖς
456 2771 569 2840 ἀλλων
599 2772 825 2859 ἀποδείξεσιν,
855 2770 929 2842 οἷον
957 2777 1077 2860 ἕρμαια
1100 2777 1158 2843 καί

139 2880 240 2964 κέρδη
263 2884 331 2948 τῶν
351 2881 538 2966 ζητούντων
556 2877 760 2966 ὑπάρχοντα,
782 2882 837 2948 καί
857 2880 920 2948 ὅσα
941 2887 1082 2966 ζητεῖται
1102 2882 1157 2950 ἐπὶ

139 2985 301 3069 εὑρέσεως
318 2987 373 3053 καί
393 2984 470 3053 οὐτε
487 2987 540 3053 έπὶ
554 2988 713 3071 γενέσεως
728 2986 832 3073 μόνης
848 2985 925 3054 οὐτε
939 2987 992 3054 ἐπὶ
1007 2993 1158 3072 θεωρίας

139 3089 254 3179 ἀπλής.
300 3095 468 3180 γέγραφεν
496 3090 514 3159 ὁ
538 3092 748 3180 στοιχειωεής
770 3095 844 3179 περὶ
867 3091 1087 3179 πορισμάτωυ
1110 3100 1159 3181 βι-

85 3224 119 3273 25
138 3204 227 3284 βλία,
242 3197 314 3268 ἀλλ’
329 3202 438 3267 ἐκεῖνα
452 3205 625 3283 παρείσθω
640 3201 816 3284 λέγειν,τά
833 3200 869 3268 δὲ
885 3203 950 3268 νῦν
965 3206 1158 3286 πορίσματα

138 3311 425 3390 συναναφαίυεται
448 3304 509 3390 μὲν
533 3318 605 3384 ταῖς
627 3304 739 3373 ἀλλων
762 3302 988 3390 ἀποδείξεσιν,
1012 3303 1098 3373 αὐτὰ
1119 3307 1158 3376 δέ

138 3412 391 3498 προηγουμένης
414 3408 456 3479 οὐ
478 3414 634 3498 τυγχάνει
659 3411 832 3498 ζητήσεως,
856 3407 932 3481 οἷον
955 3413 1011 3479 καὶ
1030 3411 1068 3481 τὸ
1088 3420 1157 3483 νῦν

211 3577 252 3625 62.
274 3571 301 3623 P.

210 3722 234 3767 4.
259 3715 462 3783 διαιρουμένην
485 3713 514 3768 Ρ.
607 3719 650 3767 16.
677 3704 799 3786 εὐθείᾳ]
824 3730 874 3768 scr.
899 3710 1003 3788 εὐθείᾳ
1028 3709 1157 3771 εὐθεῖαι.

173 3787 316 3855 ληφθείσῃ
331 3783 361 3839 Ρ.
418 3789 459 3839 18.
474 3781 617 3855 ἀλλήλαις]
632 3780 794 3852 ἀλληλαίοα
808 3782 838 3838 P.
893 3790 936 3840 λλ.
955 3784 1155 3861 πορισμάτων]

133 3852 301 3925 πρισμάτων
318 3855 349 3910 Ρ.
422 3861 465 3912 26.
485 3854 715 3924 συναναφένεται
733 3853 763 3908 Ρ.
