2414 4236
423 1398 466 1469 In
493 1396 633 1470 librum
659 1397 705 1470 11.

129 1558 156 1619 1.
191 1548 236 1618 Τὸ
261 1558 395 1639 βιβλίον
412 1556 514 1620 τοῦτο
533 1551 698 1639 χρήσιμον
717 1555 765 1632 είς
782 1553 897 1620 πολλοὶ.
932 1549 1070 1640 καὶγὰρ

56 1655 141 1745 πρὸς
160 1663 420 1746 στερεωμετρίαν
438 1658 493 1725 καί
507 1655 651 1744 τὴντῶν
666 1658 832 1726 ἐπιπέδων
847 1657 1072 1746 συμβάλλεται

56 1751 220 1851 θεωρίαν,
239 1765 352 1833 λύεται
370 1764 408 1831 δὲ

57 1878 106 1950 είς
119 1897 153 1938 τε
167 1869 235 1958 μήν
248 1869 475 1959 ἀστρονομίαν
490 1870 551 1939 οὐκ
571 1869 667 1958 ὀλίγα
684 1871 919 1958 συμβάλλεται·
942 1870 1070 1941 σκοπὸν

59 1977 96 2044 δὲ
115 1982 181 2062 ἔχει
199 1974 345 2045 εὐθειῶν
360 1975 558 2064 ἀναγραφὰς
570 1978 626 2045 καί
639 1986 708 2046 τῶν
722 1981 834 2065 μερῶν
847 1982 1070 2067 παραδοῦναι,
1090 1999 1106 2049 ο

59 2079 119 2169 ἀφ’
146 2074 195 2151 ὧν
222 2082 340 2171 ἄλογοι
367 2084 466 2172 τομαὶ
491 2083 702 2171 φανήσονται
725 2081 879 2153 εὐθειῶν.
925 2082 1071 2173 εὑρίσκει

59 2189 97 2258 δὲ
110 2190 167 2257 καλ
180 2193 239 2269 τὰς
253 2190 317 2257 δύο
331 2191 511 2277 μεσότητας
525 2188 753 2278 ἀριθμητικήν
764 2191 819 2257 καί
832 2191 1071 2278 γεωμετρικήν·

60 2294 101 2365 ού
120 2301 226 2365 δεῖται
246 2295 283 2364 δὲ
305 2295 476 2383 λήμματος
495 2295 575 2364 οὐδὲ
594 2301 659 2383 ἔχει
678 2294 762 2382 πρὸς
780 2298 885 2376 δεῖξιν
904 2300 1071 2364 ἔνστασιν.

466 2493 523 2558 Ad
546 2493 616 2559 def.
643 2496 670 2559 1.

124 2621 155 2683 2.
188 2612 383 2702 Ἀπορήσειέ
402 2642 466 2700 τις,
495 2615 551 2683 διὰ
573 2621 610 2683 τί
627 2618 695 2682 πᾶν
722 2614 1071 2702 παραλληλόγραμμον
1090 2639 1125 2688 10

60 2719 276 2808 ὀρθογώνιον
307 2722 520 2808 περιέχεσθαι
552 2723 679 2809 λέγεται
714 2719 782 2790 ὑπὸ
814 2720 878 2790 δύο
909 2726 978 2790 τῶν
1008 2721 1070 2809 τήν

60 2824 174 2912 ὀρθήν
208 2833 337 2913 γωνίαν
370 2833 597 2915 περιεχουσῶν
629 2827 775 2897 εύθειῶν
806 2829 862 2895 καί
895 2826 970 2916 οὐχί
1001 2832 1072 2897 πᾶν

58 2930 406 3021 παραλληλόγραμμον
421 2930 544 3020 ἁπλῶς,
559 2936 689 3018 ἐπείπερ
704 2937 797 3015 ἔδοξε
811 2935 969 3019 λέγεσθαι
982 2958 1070 3023 περι-

66 3072 271 3081 ————.-

132 3135 155 3183 1.
184 3127 330 3185 PBFVat.
350 3130 422 3197 qV⁴
437 3131 495 3199 (m).
574 3134 599 3187 2.
627 3128 667 3184 V¹
691 3131 768 3199 (pars
790 3128 867 3200 prior
889 3127 977 3184 etiam
998 3126 1070 3197 inf,

57 3215 142 3271 quem
160 3198 278 3269 inspexi,
297 3199 347 3255 ubi
364 3199 390 3255 V
409 3199 544 3269 euanuit).

132 3382 155 3431 1.
175 3374 206 3430 τὸ
226 3378 335 3449 βιβλίον
353 3377 450 3450 τοῦτο]
469 3374 501 3432 τὸ
519 3362 539 3448 β
557 3376 589 3432 V.
659 3375 700 3440 είς
717 3373 819 3503 πολλαέ
839 3393 894 3431 om.
912 3373 981 3430 Vm.
1044 3381 1071 3431 2.

57 3449 272 3517 στερεομετρίαν
290 3447 321 3503 Β.
404 3455 428 3504 3.
447 3449 576 3517 θεωρίαν
594 3445 703 3520 λύεται]
724 3465 778 3503 om.
824 3445 888 3502 Vnt.
974 3443 1072 3503 λύεται

58 3549 92 3560 -
111 3524 137 3575 4.
161 3514 360 3590 συμβάλλεται]
385 3520 435 3574 καλ
453 3515 642 3590 ἀστρονομίαν
660 3520 710 3574 ιιαλ
729 3518 769 3582 είς
786 3515 822 3573 τὰ
840 3514 1025 3591 προβλήματα
1043 3536 1071 3589 q.

93 3597 118 3646 8.
138 3584 178 3644 δι’
199 3585 290 3645 αύτοῦ
304 3587 392 3663 πολλοὶ
411 3589 446 3646 V.
500 3596 525 3646 4.
544 3592 588 3663 τε]
607 3607 639 3661 γε
658 3590 778 3646 PBVat.
798 3589 946 3658 (Ponam).
1001 3587 1071 3663 μήν]

58 3658 114 3730 μήν
132 3659 185 3729 τήν
203 3659 265 3715 BV.
347 3659 519 3735 συμβάλεται
537 3661 567 3718 Ρ.
649 3666 675 3716 ὁ.
699 3661 750 3716 ιιαλ
767 3661 824 3716 τῶν
842 3660 949 3733 μερῶν]
969 3677 1025 3718 om.
1063 3702 1070 3717 .

57 3738 118 3870 ὅδε.
138 3728 250 3804 ἄλογοι]
269 3729 382 3804 εύλογοι
395 3749 422 3802 q.
477 3727 594 3789 εύθεῖαι
610 3731 731 3789 PBVat.
751 3730 784 3803 (F
798 3735 898 3803 eum).
953 3736 978 3787 8.
997 3677 1071 3789 ἀπί-

76 3821 103 3858 ει
120 3823 147 3859 ιν
166 3822 192 3873 q.
