2414 4236
220 490 382 545 scnom
397 490 438 545 m
454 491 730 545 ELEMENTORUM
747 491 887 545 LIBRUM
899 494 922 546 1.
1010 490 1075 557 109

53 635 165 718 γωνία
186 626 210 717 ἡ
233 626 300 700 ύτιδ
324 627 471 701 εὐθειῶν
493 633 720 720 περιεχομένη.
770 633 809 705 Μ
831 631 947 721 στερεά
967 637 1075 717 γωνία

54 734 80 824 ἡ
99 734 167 807 ὐπὸ
184 741 289 823 τριῶν
303 735 450 808 εὐθειῶν
463 739 692 827 περιεχομένη.
727 747 765 810 ,1.
779 735 870 825 ὀρθή
884 741 953 808 ἐστι
966 744 1074 824 γωνία

58 841 268 930 διχοτόμημα
304 841 441 924 εὐθείας
478 843 529 913 ἐπ’
564 841 704 912 εὐθεῖαν
742 843 888 931 ἑστώσης
919 841 960 913 οὐ
991 842 1074 913 κατά

57 952 277 1036 παρέμιλισιν
299 952 360 1036 τῆς
382 948 582 1037 ἐφεστώσης.
625 947 646 1036 ἡ
672 950 733 1038 μὲν
757 955 877 1036 μείζων
900 946 965 1019 άπο
972 1003 1075 1021 ........

61 1057 205 1144 ἀμβλεῖα
226 1053 445 1143 κληθήσεται,
467 1052 488 1143 ἡ
513 1056 551 1125 δὲ
574 1056 725 1125 ἐλάσσων
749 1054 848 1137 ὀξεῖα.
1111 1081 1127 1131 ε

123 1166 155 1230 4.
182 1159 252 1229 Διά
270 1161 366 1248 τίμὴ
385 1162 442 1229 καὶ
465 1160 503 1230 τὸ
526 1167 727 1250 τρίπλευρον
749 1163 806 1229 καὶ
830 1161 1075 1251 τετράπλευρον

56 1266 275 1356 πολύπλευρα
298 1264 470 1355 ὥνόμασες
494 1266 601 1337 πολλά
620 1267 685 1354 γάρ
703 1267 743 1337 τά
763 1274 839 1350 τρία
856 1269 912 1336 καλ
928 1269 1076 1353 τέτταρα.

59 1379 152 1442 ἐστιν
176 1365 240 1442 οὐν
263 1376 385 1458 εἰπεῖν,
409 1373 461 1442 ὅτι
485 1372 595 1461 ὥσπερ
620 1375 672 1441 ἐπὶ
695 1378 756 1443 τοῦ
778 1372 928 1460 άριθμού
951 1371 989 1441 τὸ
1014 1373 1076 1460 μὲν

58 1483 99 1547 ’ἐν
122 1482 160 1547 ἓν
184 1476 406 1567 ὀνομάζομεν,
429 1480 469 1549 τά
495 1481 576 1567 δέβ
606 1481 685 1566 δύο,
713 1480 753 1548 τά
782 1482 820 1549 δέ
842 1487 865 1567 γ
891 1480 947 1547 καὶ
971 1470 996 1547 δ
1019 1479 1075 1546 καὶ

59 1585 138 1671 ἐξῆς
155 1582 260 1653 πολλά
272 1594 389 1655 καλεῖν
408 1588 465 1655 καὶ
478 1592 713 1673 πληθυντικῶς
728 1588 880 1675 ἐκφέρειν
895 1585 1075 1672 εἰώθαμεν,
1095 1610 1129 1659 10

60 1688 152 1759 οὕτω
170 1691 225 1759 καλ
242 1691 297 1760 ἐπὶ
314 1698 384 1762 τῶν
402 1692 655 1781 εὐθυγράμμων
674 1693 854 1781 σχημάτων
868 1691 906 1761 τὸ
921 1691 982 1781 μὲν
997 1696 1075 1779 ἐχου

59 1809 150 1883 τρεῖς
181 1796 327 1887 πλευράς
358 1805 561 1887 τρίπλευρου
593 1802 749 1888 λέγομευ,
782 1798 819 1869 τὸ
851 1791 938 1867 δέδ
964 1796 1076 1886 τετρά-

59 1911 224 1990 πλευρον,
255 1901 294 1973 τὸ
324 1904 361 1972 δέ
389 1910 525 1986 πλείους
551 1905 794 1994 πολύπλευρον.
845 1902 864 1974 ὃ
892 1907 956 1995 γάρ
984 1906 1075 1975 ἐστιν

60 2012 100 2077 ἐν
122 2005 258 2102 άριθμῷ
282 2007 303 2097 ἡ
328 2012 450 2098 μονάς,
478 2015 577 2080 τούτο
607 2014 643 2080 ἐν
670 2010 922 2100 εὐθυγράμμοις
943 2008 981 2079 τὸ
1005 2015 1075 2097 τρί-

58 2122 219 2203 πλευρον,
232 2117 289 2184 καλ
302 2120 342 2205 τῇ
358 2116 460 2185 δυάδι
474 2117 576 2186 πάλιν
591 2119 752 2204 άναλογεϊ
763 2116 801 2186 τὸ
816 2116 1075 2203 τετράπλευρον·
1095 2140 1128 2191 1ο

58 2227 194 2308 πρῶτον
211 2221 278 2309 γάρ
296 2226 366 2292 τῶν
384 2220 637 2311 εὐθυγράμμων
655 2222 692 2292 τὸ
711 2230 912 2312 τρίπλευρον
930 2222 985 2289 καὶ
1003 2220 1075 2289 δεύ-

57 2354 158 2415 τερον
179 2325 218 2398 τὸ
241 2328 496 2418 τετράπλευρον.
534 2332 671 2410 εἰκότως
692 2327 758 2417 άρα
776 2329 832 2398 καὶ
850 2333 955 2399 ταῦτα
974 2347 1075 2414 προσ·

59 2438 213 2523 ηγορίαις
246 2433 445 2517 ἐδιαιτάταις
476 2435 820 2523 προσηγορεύθησαν,
852 2432 892 2501 τά
928 2435 965 2502 δὲ
995 2431 1075 2521 μετά

58 2545 165 2609 ταῦτα
186 2540 402 2628 πολύπλευρα
425 2543 688 2629 κατωνόμασται.

124 2649 156 2714 5.
197 2653 291 2730 Τρεῖς
323 2651 387 2715 εἰσι
422 2649 584 2735 διαφοραὶ
615 2651 683 2716 τῶν
712 2645 904 2734 σχημάτων·
940 2642 982 2713 τά
1009 2643 1071 2733 μὲν
1091 2669 1126 2720 20

59 2750 126 2838 γάρ
150 2749 217 2820 ὑπὸ
241 2764 403 2840 γραμμῶν
427 2747 501 2822 οἷον
526 2753 544 2820 ὁ
568 2753 699 2838 κύκλος,
722 2752 762 2820 τά
786 2751 824 2820 δὲ
846 2750 902 2821 ὑπ’
930 2748 1075 2821 εὐθειῶν

57 2857 116 2925 καὶ
138 2860 303 2945 γραμμῶν
322 2851 398 2927 οἷον
416 2858 453 2928 τὸ
473 2857 684 2946 ἡμικύκλιον,
707 2857 827 2946 τομεύς
845 2859 901 2926 καὶ
919 2857 959 2925 τά
979 2856 1074 2941 άλλα,

56 2964 155 3049 ἕτερα
174 2961 212 3031 δέ
229 2959 295 3031 ὐπὸ
314 2961 472 3051 εὐθειῶν,
497 2958 572 3033 οἷον
589 2970 756 3053 τρίγωνον
779 2963 835 3030 καλ
854 2964 1074 3049 τετράγωνον.

126 3079 196 3137 τῶν
219 3067 281 3156 μὲν
299 3066 365 3140 ὑπὸ
384 3077 547 3160 γραμμῶν
565 3072 621 3139 καὶ
638 3071 816 3159 σχημάτων
830 3068 1076 3156 περιεχομένων

57 3189 255 3264 προηγεῖται
279 3177 297 3246 ὁ
320 3177 454 3266 κύκλος,
477 3175 548 3248 εἶτα
569 3176 607 3246 τὸ
632 3176 841 3265 ἡμικύκλιον,
865 3177 933 3243 τῶν
953 3172 990 3242 δὲ
1008 3169 1073 3241 ὐπὸ
1094 3198 1129 3248 2⁶

57 3278 207 3353 εὐθειῶν
231 3280 271 3351 τὸ
298 3289 481 3371 τρίγωνον,
514 3281 585 3352 εἶτα
612 3282 833 3371 τετράγωνον.
878 3278 916 3348 τὸ
947 3279 985 3347 δὲ
1007 3276 1074 3347 ὑπό

58 3415 153 3471 τινος
173 3388 196 3477 ἦ
218 3416 322 3459 τινων
345 3386 437 3477 ὅρων
461 3391 529 3459 ἐστὶ
553 3390 791 3477 περιεχόμενον
811 3439 929 3456 ......

131 3521 158 3570 ι.
177 3532 207 3568 ιιι
226 3513 276 3584 (b).
349 3520 375 3570 ε.
394 3515 424 3569 Ρ.

134 3627 158 3677 1.
181 3616 240 3676 ὐπὸ
259 3614 402 3693 εὐθειῶν]
426 3624 607 3688 renouatum
632 3620 696 3676 fort.
715 3616 770 3675 fuit
790 3613 849 3674 ὐπὸ
869 3617 922 3673 δύο
943 3613 1075 3673 εὐθειῶν.

94 3700 121 3748 4.
139 3689 331 3762 παρέγιιλησιν
349 3691 378 3746 P.
444 3695 541 3760 μειζον
560 3707 654 3746 ronou.
673 3690 703 3746 P.
767 3685 837 3762 άπο]
856 3688 885 3744 in
898 3705 952 3744 τοι,
967 3690 997 3757 Ρ,
1017 3706 1075 3758 seq.

57 3764 114 3820 litt
133 3778 217 3819 σοαπ.
308 3768 352 3818 24.
370 3762 436 3835 καί]
456 3762 624 3818 delendum?
714 3767 759 3817 λλ.
776 3758 1000 3835 περιεχόμενον]
1017 3778 1079 3831 τοις.

56 3836 148 3893 οιτον
165 3832 305 3905 quaedam
326 3849 407 3890 enan.
