2414 4236
317 477 499 528 ιεειιωοιε
518 475 754 528 εοΗοιιοεοω
772 477 808 528 11.
1008 470 1073 536 705

57 622 218 706 σμικροῦ,
250 614 336 685 ἀλλὰ
363 617 419 684 καὶ
446 619 508 685 τοῦ
537 616 657 702 μέσον,
689 612 773 700 πρὸς
805 610 823 681 3
857 612 895 681 δὲ
920 611 959 681 τὸ
990 609 1072 680 αὐτὸ

56 730 195 812 μείζονα
208 723 313 810 λόγον
329 728 406 812 ἔχει,
425 720 458 790 τί
482 720 705 808 σμικρότατον
720 721 820 805 λέγον
834 719 977 804 μέγεθος
990 716 1075 803 πρὸς

58 832 97 901 τὸ
122 832 241 918 μέσον,
265 832 373 898 έκεῖνο
398 826 536 896 ἔλαττόν
560 828 644 912 ἐστι,
672 827 821 894 τουτέστι
844 822 882 892 τὸ
906 824 1020 910 μέσον,
1044 828 1076 892 εί

58 939 115 1007 καὶ
138 937 179 1024 μί
206 930 291 1027 ᾖ...
310 938 400 1005 έστιν
424 939 491 1021 ἔχει
514 930 579 1019 γὰρ
601 930 640 1000 τὸ
663 937 685 1019 β
707 956 791 1018 προς
812 929 851 999 τὸ
875 957 896 1016 γ
918 928 979 999 τὸν
1001 927 1074 1018 ἡμι-

60 1045 168 1130 όλιον,
190 1041 295 1130 τυχὸν
319 1041 435 1111 δὲκαὶ
458 1038 518 1107 τὸν
542 1042 742 1106 διπλασίονα
765 1034 883 1123 λόγον·
915 1032 988 1103 ἄλλ’
1011 1028 1074 1105 οὖν
1113 1061 1128 1111 5

59 1149 144 1237 πρὸς
166 1149 204 1218 τὸ
228 1153 297 1217 τῶν
320 1147 433 1217 ἄλλων
455 1151 613 1236 μέγιστον
636 1144 711 1232 ἤτοι
733 1145 817 1233 πρὸς
834 1141 872 1211 τὸ
892 1170 914 1209 α
932 1143 1075 1228 μέγεθος

59 1254 207 1326 ἔλασσόν
230 1257 299 1324 έστι
322 1254 360 1323 τὸ
385 1256 498 1342 μέσον.

131 1365 181 1430 12.
219 1358 359 1445 Ἰστέον,
393 1358 444 1429 ὅτι
472 1361 510 1429 τὸ
539 1360 595 1428 καὶ
622 1357 723 1426 ἄνισα
747 1355 889 1424 δύναται
912 1364 1076 1443 συναριθ-

60 1477 200 1555 μείσθαι
215 1467 251 1534 έν
265 1469 311 1559 τῷ
325 1467 466 1559 κειμένῳ
480 1466 537 1534 καί
551 1464 610 1553 μή·
628 1462 763 1550 καὶγὰρ
779 1460 816 1530 τὸ
832 1463 869 1530 έν
883 1465 1076 1529 διπλασίονι

61 1571 152 1664 λόγῳ
180 1572 322 1641 δύναται
351 1568 391 1641 οὐ
419 1571 528 1657 μόνον
556 1570 610 1641 ἐπὶ
636 1574 704 1638 τῶν
727 1566 875 1654 οἷνίσων,
907 1564 994 1635 ἄλλα
1020 1568 1076 1634 καὶ
1096 1591 1131 1641 10

63 1679 116 1749 ἐπὶ
139 1682 207 1747 τῶν
231 1687 315 1748 ίσων
338 1678 543 1767 λαμβάνεται
566 1677 827 1765 λαμβανομένου
848 1672 924 1743 τότε
945 1677 1007 1742 τοῦ
1029 1677 1078 1744 δι-

61 1789 244 1865 πλασίονος
267 1782 310 1853 οὐ
331 1785 414 1853 κατὰ
437 1784 500 1854 τίν
521 1783 705 1874 ὑπεροχήν,
728 1781 813 1853 ἀλλὰ
832 1812 915 1854 κατα
934 1782 973 1854 τὸ
992 1794 1077 1853 θεω-

62 1900 198 1979 ρεῖσθαι
217 1888 325 1976 μόνον
343 1893 389 1981 τῷ
408 1889 530 1977 μεταξύ
543 1917 575 1959 τι
594 1891 710 1980 ἕτερον
729 1899 806 1961 ίσον
828 1892 978 1977 ἐκείνοις,
1003 1885 1078 1958 οἷον
1121 1944 1123 1949 ,

62 1993 105 2063 ἂν
128 1999 232 2080 τριῶν
255 2000 411 2082 μεγεθῶν
439 2005 523 2066 ίσων
546 1995 705 2084 ἀλλήλοις
731 1997 815 2085 πρὸς
842 1997 970 2087 ἄλληλα
992 2006 1078 2066 θεω-

63 2102 240 2190 ρουμένων
276 2105 394 2188 φῶμεν
429 2100 468 2170 τὸ
501 2105 636 2188 πρῶτον
673 2101 757 2189 πρὸς
787 2103 825 2172 τὸ
860 2109 1000 2193 ἔσχατον
1033 2106 1080 2171 ιλι-
1100 2124 1132 2174 15

62 2211 229 2276 πλασίονα
257 2205 362 2292 λόγον
389 2210 492 2294 ἔχειν,
519 2205 601 2273 κατὰ
628 2204 691 2293 τὴν
715 2208 816 2276 θέσιν
838 2207 948 2296 μόνον
970 2207 1008 2277 τὸ
1033 2212 1080 2277 ιλι-

62 2312 206 2382 πλάσιον
235 2313 385 2399 λέγομεν.
436 2309 560 2399 ὁμοίως
587 2313 626 2381 δὲ
652 2308 716 2381 κᾶν
744 2319 846 2382 πλείω
879 2315 1004 2402 μεγέθη
1038 2315 1080 2384 τὰ

62 2421 285 2507 θεωρούμενα
312 2417 397 2505 πρὸς
422 2416 551 2506 ἄλληλα
579 2411 679 2505 οἶσιν,
710 2422 748 2488 τὸ
776 2419 974 2507 τριπλάσιον
997 2416 1018 2508 ἢ
1040 2407 1080 2489 τὸ

62 2526 315 2596 πολλαπλάσιον
338 2528 486 2612 νοοῦμεν
509 2527 592 2592 κατὰ
613 2523 723 2614 μόνην
741 2525 803 2613 τὴν
822 2527 928 2595 θέσιν.
967 2524 1022 2595 ὅτε
1041 2528 1082 2596 δέ

64 2637 151 2701 είσιν
173 2635 214 2700 τὰ
236 2632 459 2720 θεωρούμενα
482 2631 595 2715 ἄνισα,
618 2631 694 2698 τότε
717 2626 759 2699 οὐ
782 2628 889 2717 μόνον
911 2630 994 2700 κατὰ
1017 2633 1080 2720 τὴν
1099 2655 1135 2705 20

64 2739 174 2822 θέσιν,
194 2734 279 2806 ἀλλὰ
297 2738 352 2805 καλ
370 2735 453 2805 κατὰ
471 2735 533 2824 τὴν
544 2734 721 2824 ’ὑπεροχὴν
738 2734 776 2804 τὸ
798 2736 977 2806 διπλάσιον
995 2747 1080 2808 θεω-

64 2855 180 2929 ρεῖται.
216 2843 256 2911 τὰ
280 2842 365 2912 αὐτὰ
390 2844 431 2912 δέ
450 2869 563 2932 φαμεν
584 2844 641 2911 καλ
665 2843 717 2912 ἐπὶ
739 2846 808 2912 τῶν
830 2842 1006 2930 τριγώνων
1024 2846 1081 2913 καλ

64 2949 209 3018 ἐπὶτῶν
233 2948 358 3018 ἄλλων·
383 2947 467 3019 ω’στε
490 2949 573 3018 κατὰ
596 2949 658 3037 μέν
680 2951 721 3017 τὰ
743 2947 909 3039 πρότερον
932 2952 1081 3038 ῥηθέντα
1176 2973 1177 2977 ’

65 3056 117 3123 ἐπὶ
149 3058 219 3124 τῶν
252 3064 335 3124 ίσων
369 3055 510 3125 δύναται
543 3055 644 3145 χωρὶς
675 3059 736 3124 τοῦ
769 3053 872 3124 ἄνισα
903 3054 942 3125 τὸ
970 3056 1080 3143 παρὸν

64 3160 228 3248 θεώρημα
241 3172 387 3250 αείσθαι,
400 3161 484 3231 κατὰ
499 3163 537 3231 δὲ
549 3161 611 3231 τὸν
625 3163 660 3249 β’
673 3160 777 3250 λόγον
792 3166 847 3230 δεῖ
857 3174 1080 3250 προσκεῖσθαι
1099 3186 1135 3238 25

64 3266 102 3335 τὸ
126 3268 182 3336 καὶ
205 3266 317 3337 ἄνισα.

148 3523 190 3572 ιε.
208 3536 223 3571 r
241 3516 289 3587 (ad
308 3515 356 3585 vl,
375 3519 429 3586 19).

139 3754 181 3802 11.
199 3741 390 3822 λαμβάνεται]
409 3765 461 3804 εον.
481 3743 711 3822 λαμβάνεσθαι.
791 3752 833 3803 17.
853 3743 964 3818 μεγέθη
987 3777 1017 3788 -
1040 3751 1082 3802 18.

64 3816 184 3890 ἄλληλα]
204 3835 359 3888 suprascr.
378 3819 439 3874 σιὰ.
458 3835 552 3874 manu.

100 3916 271 3971 Mondou,
289 3917 342 3960 odd.
356 3917 460 3969 Hoiborss
474 3921 497 3960 ω
510 3918 600 3970 Ποσει.
623 3918 650 3960 V.
888 3911 923 3961 45
