2414 4236
138 509 180 572 14
505 508 706 563 nomm
723 506 775 566 ιδ’.

138 651 321 737 δεκαέδρου
347 649 566 737 πεντάγωνον
592 650 649 720 καὶ
676 648 714 720 τὸ
743 654 806 720 τοῦ
833 652 1052 741 εἰκοσαέδρου
1077 657 1146 740 τρί-

137 783 250 843 γωνον
273 761 341 826 τῶν
364 763 411 837 εἰς
432 755 494 845 τὴν
517 754 624 845 αὐτὴν
646 770 796 846 σφαῖραν
818 757 1089 846 ἐγγραφομένων.

200 862 280 931 Ἐάν
302 856 323 953 ᾗ
346 866 562 952 πεντάγωνον
590 864 792 953 ἰσόπλευρόν
818 864 936 933 τεκαὶ
963 864 1147 951 ἰσογώνιον

136 970 191 1036 καὶ
214 971 290 1055 περὶ
314 968 396 1039 αὐτὸ
418 970 554 1057 κύκλος,
582 972 637 1039 καὶ
665 968 732 1040 άπὸ
755 975 817 1040 τοῦ
838 971 981 1060 κέντρου
1002 969 1145 1051 κάθετος

101 1075 188 1147 σέπδ
218 1081 298 1164 μίαν
325 1075 475 1165 πλευρὰν
502 1076 609 1166 ἀχθῇ,
645 1076 683 1146 τὸ
711 1076 943 1164 τριακοντάκις
969 1073 1036 1146 ὑπὸ
1068 1081 1147 1165 μιᾶς

137 1186 205 1250 τῶν
228 1188 383 1270 πλευρῶν
406 1184 461 1251 καὶ
483 1188 542 1270 τῆς
563 1184 711 1253 καθέτου
738 1192 815 1255 ἴσον
839 1185 907 1255 ἐστὶ
931 1188 972 1274 τῇ
1000 1188 1061 1253 τοῦ
1083 1187 1146 1251 δω-

137 1291 320 1373 δεκαέδρου
343 1289 529 1380 ἐπιφανείᾳ.

204 1400 287 1462 ἔστω
310 1398 526 1483 πεντάγωνον
550 1394 752 1482 ἰσόπλευρόν
774 1423 810 1466 τε
832 1397 889 1465 καὶ
907 1395 1089 1483 ἰσογώνιον
1106 1395 1146 1466 τὸ

137 1510 168 1567 A
180 1506 309 1568 ΒΓΔΕ
332 1502 388 1570 καὶ
415 1504 492 1589 περὶ
519 1529 557 1571 το
590 1501 808 1588 πεντάγωνον
838 1501 961 1583 κύκλος
989 1500 1007 1571 ὁ
1034 1509 1145 1588 ΑΓΔ,

85 1631 117 1679 10
136 1606 191 1673 καὶ
215 1605 369 1694 εἰλήφθω
392 1607 430 1677 τὸ
452 1611 594 1695 κέντρον
616 1611 678 1677 τοῦ
705 1609 831 1678 κύκλον
857 1606 896 1678 τὸ
921 1616 963 1696 Ζ,
995 1610 1051 1677 καὶ
1080 1607 1145 1678 άπὸ

135 1717 196 1780 τοῦ
221 1720 248 1779 Ζ
271 1714 323 1781 ἐπὶ
347 1716 408 1801 τὴν
432 1720 495 1784 ΓΔ
521 1713 664 1793 κάθετος
686 1711 783 1802 ἤχθω
806 1710 827 1801 ἡ
851 1720 924 1782 ΖΗ.
968 1715 1068 1802 λέγω,
1093 1712 1145 1782 ὅτι

136 1816 172 1885 τὸ
192 1819 422 1902 τριακοντάκις
440 1817 507 1887 ὑπὸ
521 1824 593 1906 ΓΔ,
609 1826 676 1887 ΖΗ
694 1827 771 1888 ἴσον
789 1821 858 1888 ἐστὶ
878 1818 1009 1888 δοάδεκα
1027 1842 1145 1887 πεντα-

135 1920 258 2006 γώνοις
279 1936 350 2002 τοῖς
374 1931 550 1992 ΑΒΓΔΕ.

202 2026 455 2116 ἐπεζεύχθωσαν
479 2033 516 2096 αἱ
537 2035 608 2115 ΓΖ,
629 2037 703 2100 ΖΔ.
740 2030 808 2099 ἐπεὶ
833 2022 956 2099 οὖντὸ
981 2028 1047 2099 ὑπὸ
1071 2038 1145 2117 ΓΔ,

84 2160 115 2208 15
136 2140 207 2200 ΖΗ
227 2134 406 2203 διπλάσιόν
430 2139 499 2204 ἐστι
520 2142 582 2205 τοῦ
601 2143 697 2205 ΓΔΖ
720 2137 898 2224 τριγώνου,
922 2136 959 2206 τὸ
983 2137 1049 2227 άρα
1067 2162 1143 2206 πεν-

134 2240 226 2321 τάκις
253 2239 319 2310 ὑπὸ
348 2248 426 2328 ΓΔ,
449 2250 520 2310 ΖΗ
545 2245 625 2311 δέκα
652 2244 800 2330 τρίγωνά
830 2248 907 2313 ἐστι.
952 2246 1007 2313 καὶ
1035 2244 1144 2313 πάντα

135 2347 252 2430 ἑξάκις.
296 2349 333 2418 τὸ
358 2349 423 2437 άρα
446 2350 678 2438 τριακοντάκις
700 2349 766 2419 ὑπὸ
791 2357 863 2437 ΓΔ,
888 2357 960 2419 ΖΗ
978 2361 1055 2419 ἴσον
1075 2352 1143 2419 ἐστὶ

135 2460 174 2543 τῇ
198 2461 258 2524 τοῦ
283 2459 516 2544 δωδεκαέδρου
540 2459 726 2546 ἐπιφανείᾳ.

202 2559 324 2647 ὁμοίως
348 2562 390 2646 δὴ
415 2565 583 2648 δείξομεν,
612 2560 680 2644 ὅτι,
709 2560 769 2628 ἐὰν
795 2552 817 2646 ᾖ
847 2559 1047 2646 ἰσόπλευρον
1075 2569 1142 2649 τρί-

80 2689 115 2737 20
134 2692 246 2752 γωνον
269 2667 305 2734 τὸ
326 2672 429 2733 ΑΒΓ
447 2668 502 2733 καὶ
525 2668 600 2754 περὶ
624 2663 706 2733 αὐτὸ
729 2664 850 2757 κύκλος
872 2667 927 2732 καὶ
946 2663 984 2732 τὸ
1003 2667 1143 2752 κέντρον

132 2775 193 2839 τοῦ
216 2771 341 2840 κύκλου
364 2770 401 2839 τὸ
427 2781 470 2857 Δ,
492 2771 636 2852 κάθετος
660 2770 696 2839 δὲ
721 2773 773 2838 ἐπὶ
795 2770 858 2858 τὴν
877 2778 943 2839 ΒΓ
962 2769 983 2858 ἡ
1006 2781 1081 2860 ΔΕ,
1104 2776 1142 2844 τὸ

132 2876 363 2962 τριακοντάκις
377 2874 443 2946 ὑπὸ
459 2882 526 2964 ΒΓ,
542 2886 607 2946 ΔΕ
624 2886 699 2945 ἴσον
714 2878 781 2945 ἐστὶ
796 2881 836 2966 τῇ
851 2882 912 2946 τοῦ
927 2882 1144 2966 εἰκοσαέδρου

134 2986 319 3073 ἐπιφανείᾳ.

200 3091 269 3158 ἐπεὶ
292 3089 357 3176 γάρ
390 3091 491 3159 πάλιν
518 3090 555 3158 τὸ
585 3087 650 3158 ὑπὸ
676 3098 757 3174 ΔΕ,
781 3097 846 3158 ΒΓ
870 3091 1047 3160 διπλάσιόν
1076 3095 1143 3159 ἐστι

79 3220 112 3269 26
132 3201 193 3264 τοῦ
219 3203 323 3264 ΔΒΓ
341 3195 523 3282 τριγώνου,
553 3193 616 3262 δύο
640 3193 706 3283 άρα
729 3201 875 3281 τρίγωνα
898 3196 938 3264 τά
962 3204 1068 3265 ΔΒΓ
1087 3207 1143 3265 ι”σα

186 3354 250 3410 M
262 3357 292 3412 P.
342 3345 675 3425 λ.αύτὸ]τοῦτοΡΒδῘν.
721 3361 744 3408 b.
756 3356 834 3428 μιᾶς]
845 3356 913 3425 μίαν
925 3357 954 3409 Ρ.
1001 3360 1142 3410 8.κεντα-

132 3426 235 3496 γώνιον
254 3426 283 3480 Ρ.
338 3432 363 3480 9.
383 3421 398 3479 ὁ
418 3426 513 3496 ΑΓΔ]
539 3442 593 3481 om.
612 3424 725 3481 PBVv.
782 3433 823 3481 10.
844 3426 909 3498 καί]
933 3444 986 3481 om.
1006 3426 1037 3482 P.
1092 3429 1142 3481 τοῦ

132 3497 249 3581 κύκλον]
269 3514 322 3551 om.
339 3496 450 3551 PBVv.
507 3501 548 3551 12.
565 3494 611 3568 τύ]
630 3513 685 3552 om.
699 3497 729 3550 Β.
784 3493 925 3622 ύπύρῦκὸ
939 3498 989 3565 τῆς
1003 3497 1144 3551 Friedlein

131 3572 225 3623 taclte.
282 3567 354 3638 ZH]
378 3571 429 3622 ΗΖ
447 3566 560 3622 PBVv.
616 3563 690 3638 ἐστί]
711 3568 830 3622 om.PB
863 3610 869 3622 .
926 3569 1141 3622 ΙΒ.ΑΒΓΔΜ.

131 3639 203 3693 Dein
222 3638 276 3693 del.
295 3643 346 3692 καί
364 3638 396 3692 V.
471 3644 511 3694 14.
532 3634 610 3710 ἐκεί]
630 3637 679 3692 καλ
698 3632 764 3693 ἐπεί
780 3638 813 3705 V,
833 3633 884 3694 ἒκί
899 3638 929 3692 Ρ.
1003 3628 1067 3708 οὖν]
1087 3654 1140 3692 om.

130 3708 241 3763 PBVv.
302 3715 343 3764 λδ.
364 3711 436 3782 ΖΗ]
459 3713 512 3764 ΗΖ
530 3708 615 3764 BVv.
677 3710 767 3780 ΓΔΖ]
789 3713 869 3763 ΓΖΔ
887 3707 1037 3762 Ετίεδλείιι.
1100 3715 1142 3763 16.

131 3781 203 3851 ΖΗ]
226 3784 279 3834 ΗΖ
297 3780 359 3835 Pv.
388 3781 460 3836 Dein
479 3781 533 3837 del.
548 3783 621 3835 διπλ.
638 3775 695 3835 ἐστι
713 3780 747 3835 V.
801 3780 936 3849 τρίγωνα]
956 3794 1025 3835 corr.
1041 3779 1070 3833 in
1086 3800 1142 3847 τρι-

131 3849 210 3925 γώνῳ
231 3854 265 3921 (2³)
285 3870 321 3908 m.
340 3858 355 3906 θ
376 3851 409 3907 V.
471 3847 540 3924 ἐστι]
560 3845 634 3906 ἐστιν
653 3852 700 3904 ἴσα
719 3854 799 3920 (corr.
818 3850 847 3904 in
868 3850 928 3904 ἴσον
947 3868 983 3906 m.
1003 3855 1019 3905 λ
1040 3851 1088 3921 V)·
1108 3849 1141 3905 τά
