2414 4236
327 466 508 515 ιυυυυουι
528 464 764 515 εοιιοτιοιιυιι
783 465 833 517 m.
1024 461 1089 526 715

71 617 145 686 ἴσος
168 605 237 674 ἐστὶ
259 608 306 696 τῷ
330 601 396 672 ὑπὸ
420 609 453 689 β,
473 610 498 690 ζ,
521 604 694 672 τουτέστιν
717 600 735 672 6
759 629 780 671 κ
799 611 870 682 ἴσος
894 603 963 670 ἐστὶ
985 614 1031 694 τῷ
1054 612 1090 671 θ.

72 713 175 782 πάλιν
198 712 269 780 έτιεὶ
292 709 310 779 6
335 710 396 797 μὲν
419 708 484 779 ὑπὸ
508 716 582 794 α,β
610 710 701 778 ἐστιν
725 706 743 777 6
768 712 803 793 6,
832 709 851 776 6
876 708 913 776 δὲ
935 706 1002 776 ὑιιὸ
1021 714 1091 794 β,γ

73 822 164 888 ἐστιν
187 818 205 887 6
226 844 257 904 ε,
281 823 372 887 ἔστιν
395 817 471 904 άρα,
496 813 540 896 ὡς
566 812 584 884 6
608 843 630 883 α
652 814 737 903 πρὸς
758 813 820 883 τὸν
839 841 875 901 γ,
900 813 1006 894 οὕτως
1030 811 1047 883 6
1069 819 1091 882 δ

72 924 156 1011 πρὸς
177 923 239 992 τὸν
262 945 291 991 ε·
319 925 338 992 6
362 923 429 1010 άρα
448 920 514 991 ὑπὸ
532 948 565 1007 y,
580 925 616 1006 6,
638 922 810 989 τουτέστιν
834 921 902 1005 ὁκ,
929 928 1001 999 ἴσος
1020 921 1095 989 ἐστὶ

71 1035 120 1122 τῷ
146 1027 213 1098 ὑπὸ
243 1056 279 1115 α,
297 1055 328 1114 ε,
355 1030 506 1097 τουτέστι
532 1032 578 1119 τῷ
606 1053 638 1113 η.
682 1024 756 1094 ἀλλ’
783 1027 801 1095 6
826 1053 845 1093 ιι
872 1031 918 1118 τῷ
946 1036 973 1117 δ
1000 1028 1089 1096 ἐστιν
1126 1052 1143 1101 6

74 1144 160 1216 ἴσος·
198 1139 234 1204 οἱ
252 1148 342 1222 τρεῖς
364 1133 430 1222 άρα
459 1137 494 1203 οἱ
519 1160 551 1219 η,
570 1143 607 1219 θ,
626 1159 647 1200 ιι
673 1130 816 1220 άριθμοὶ
840 1141 908 1202 ἴσοι
931 1130 1091 1218 ἀλλήλοις

73 1246 169 1311 εἰσίν.

479 1332 621 1415 Λῆμμα
643 1327 688 1413 β’·

140 1460 224 1523 ἔστιν
243 1451 392 1541 άριθμός
411 1450 429 1520 6
449 1477 470 1518 α
488 1455 550 1520 τοῦ
568 1457 591 1538 β
613 1450 861 1532 πολλαπλάσιος
878 1452 962 1520 κατά
981 1449 1042 1520 τὸν
1060 1479 1090 1539 γ.

72 1562 174 1648 λέγω,
203 1559 254 1628 ὅτι
276 1560 333 1628 καὶ
356 1557 374 1627 6
399 1564 421 1645 6
447 1562 508 1628 τοῦ
532 1585 552 1626 α
578 1557 827 1638 πολλαπλάσιός
849 1559 919 1627 ἐστι
941 1561 1024 1627 κατὰ
1048 1558 1086 1628 τὸ
1108 1581 1142 1632 10

73 1666 258 1755 ὁμώνυμον
282 1667 383 1754 μέρος
403 1668 466 1735 τοῦ
488 1692 517 1751 γ.
564 1664 634 1732 ἐπεὶ
660 1662 725 1750 γάρ
754 1661 817 1750 66
844 1663 905 1732 τὸν
929 1691 950 1732 α
978 1677 1093 1752 μετρεῖ

71 1772 155 1842 κατὰ
183 1773 244 1842 τὸν
267 1799 304 1858 γ,
336 1777 428 1840 ἔστιν
456 1768 540 1858 ἄρα,
573 1767 618 1850 ὡς
645 1767 663 1838 6
689 1776 710 1856 6
742 1768 827 1857 πρὸς
853 1768 913 1838 τὸν
941 1775 1088 1858 πρῶτον,

73 1878 181 1958 οὕτως
213 1877 234 1964 ἡ
266 1878 375 1965 μονὰς
400 1876 484 1965 πρὸς
508 1876 570 1946 τὸν
593 1905 623 1964 γ.
673 1874 719 1956 ὡς
751 1876 788 1945 δὲ
819 1875 840 1964 ἡ
874 1876 979 1965 μονάς
1006 1876 1090 1963 πρὸς

73 2031 104 2064 aa
123 2011 152 2081 ιρ
366 1981 427 2050 τὸν
441 2011 473 2070 γ,
488 1981 596 2063 οὕτως
609 1981 647 2050 τὸ
663 1980 843 2070 ὁμώνυμον
858 1981 980 2070 μόριον
994 1987 1089 2070 τοῦγ

72 2128 100 2176 ιγ
124 2093 144 2176 6
171 2102 323 2176 ὁμώνυμον
366 2088 449 2172 πρὸς
477 2089 619 2175 μονάδα.
664 2087 721 2154 καὶ
748 2086 793 2168 ὥς
820 2086 887 2176 άρα
913 2086 931 2157 6
955 2094 977 2175 6
1004 2090 1090 2176 πρὸς
1109 2113 1142 2163 15

71 2196 150 2264 τοῦν
170 2191 270 2265 μόριον
365 2193 428 2262 τὸν
443 2219 475 2279 α,
490 2193 597 2274 οὕτως
609 2192 648 2260 τὸ
663 2191 847 2281 ὁμώνυμον
861 2193 984 2282 μόριον
997 2199 1091 2282 τοῦγ

71 2283 104 2340 ‘⁶
125 2282 164 2353 δ’·
366 2298 451 2386 πρὸς
477 2297 618 2386 μονάδα.
664 2297 686 2386 6
711 2298 777 2387 ἄρα
804 2301 871 2368 υιτό
899 2304 961 2369 τοῦ
984 2307 1006 2387 6
1033 2302 1090 2369 καὶ

72 2406 233 2496 μονάδος,
255 2406 427 2474 τουτέστιν
446 2403 549 2485 αὐτὸς
571 2404 637 2491 66,
661 2413 734 2484 ἶσος
752 2406 822 2473 ἐστὶ
840 2410 885 2498 τῷ
905 2404 972 2474 ὑπὸ
993 2411 1053 2475 τοῦ
1068 2435 1089 2475 ιι

65 2515 129 2582 ’καὶ
151 2518 213 2582 τοῦ
236 2510 420 2600 ὁμωνύμου
441 2516 488 2606 τῷ
511 2539 541 2599 γ.

139 2623 198 2687 ἵνα
228 2619 265 2687 δὲ
296 2621 353 2687 καὶ
385 2618 615 2706 ἀριθμητικῶς
641 2623 840 2708 σαφηνισθῂ
872 2618 913 2688 τά
940 2626 1089 2708 τοιαῦτα,
1107 2645 1143 2695 20

72 2726 127 2795 ἐπὶ
145 2725 207 2813 μὲν
224 2732 287 2794 τοῦ
307 2725 341 2793 α’
356 2726 526 2813 λήμματος
544 2727 696 2812 λέγομεν,
717 2725 768 2792 ὅτι
787 2722 805 2793 6
824 2725 975 2813 τετράκις
992 2729 1089 2797 πέντε

72 2832 183 2914 ἑξάκις
210 2841 282 2912 ἴσος
310 2831 378 2899 ἐστὶ
405 2833 452 2922 τῷ
481 2829 637 2910 πεντάκις
663 2857 699 2899 τε
726 2833 760 2913 ἓξ
787 2831 938 2919 τετράκις
964 2835 1089 2925 καὶτῷ

72 2937 182 3019 ἑξάκις
204 2940 348 3025 τέσσαρα
371 2939 537 3024 πεντάκις,
559 2939 711 3005 τουτέστι
732 2941 779 3028 τῷ
799 2944 849 3024 ρ’ῖι.
890 2939 944 3006 έττὶ
968 2940 1005 3008 δὲ
1027 2944 1089 3009 τοῦ

72 3043 107 3129 β’
129 3043 298 3130 λήμματος
326 3040 345 3110 6
373 3042 494 3111 ἑκατὸν
521 3047 583 3111 τοῦ
611 3051 716 3112 εἴκοσι
743 3043 992 3125 πολλαπλάσιός
1019 3049 1088 3116 έστι

71 3147 155 3218 κατά
183 3148 244 3217 τὸν
265 3161 299 3235 ἓ,
331 3149 386 3217 καὶ
415 3147 433 3217 6
456 3153 477 3217 ι“ι
503 3153 565 3218 τοῦ
589 3154 610 3236 ρ
638 3150 887 3231 πολλαπλάσιός
910 3153 979 3219 ἐστι
1005 3154 1088 3220 κατὰ
1106 3176 1143 3225 εσ

71 3255 133 3325 τὸν
157 3255 196 3325 ε’.

478 3347 621 3430 Λῆμμα
644 3343 689 3431 ν’·

140 3472 224 3537 ἔστω
250 3465 267 3535 6
291 3472 397 3534 ατοῦ
418 3472 440 3553 6
463 3468 634 3554 έπιμόριος
655 3467 738 3536 κατὰ
761 3467 822 3537 τὸν
840 3497 870 3556 γ.
915 3470 1013 3557 λέγω,
1036 3468 1088 3540 ὅτι

69 3574 128 3642 καὶ
148 3571 202 3661 66
220 3577 281 3643 τοῦ
297 3600 318 3640 α
337 3572 510 3660 έτιιμόριός
529 3575 599 3642 ἐστι
617 3572 700 3642 κατὰ
717 3572 756 3643 τὸ
771 3575 954 3664 ὁμώνυμον
967 3576 1090 3664 μόριον

145 3812 171 3862 4.
190 3805 218 3877 ε]
238 3808 261 3871 ζ.
335 3808 377 3860 12.
396 3804 521 3876 πρῶτον]
542 3821 594 3861 scr.
612 3824 641 3861 α.
712 3811 756 3861 27.
775 3806 829 3863 inc.
847 3806 897 3864 fol.
918 3813 994 3864 120⁸.
