2414 4236
132 526 198 593 214
284 527 442 582 scnom
459 528 499 583 ln
516 524 792 581 ammom
808 524 984 579 unum

131 665 388 738 ὑποτείνουσαν.
447 660 523 737 οἷον
553 668 616 738 τὸν
645 670 723 755 τρία
754 668 907 755 λαβοῦσα
941 664 998 735 καί
1031 688 1145 753 τετρα-

132 780 305 861 γωνίσασα
327 775 383 842 καί
406 772 581 881 ἀμελοῦσιν
597 776 661 843 τοῦ
677 774 778 843 έννέα
795 772 930 861 μονάδα
946 774 1009 841 τοῦ
1024 780 1048 860 η
1064 778 1147 859 λαμ-

132 878 228 968 βάνει
259 878 296 948 τὸ
324 878 429 968 ἥμισυ
455 878 517 951 τὸν
544 885 566 949 δ
592 879 649 948 ναί
675 879 785 971 τούτῳ
811 882 1016 967 προστίθησι
1043 876 1147 946 πάλιν

133 988 265 1073 μονάδα
287 987 343 1054 καί
366 1000 457 1057 ποιεῖ
476 985 539 1056 τὸν
559 996 592 1054 ῖ·
613 986 670 1055 ιιαί
692 982 835 1075 ηὕρηται
857 990 1025 1074 τρίγωνον
1043 980 1148 1073 ὄρθο-

98 1091 261 1178 σγάνιον
284 1097 362 1181 ἔχον
388 1090 451 1179 τὴν
478 1090 541 1179 μέν
568 1096 688 1179 τριῶν,
714 1090 778 1180 τὴν
805 1090 845 1161 δὲ
870 1088 1058 1176 τεσσάρων,
1084 1086 1148 1176 τὴν

120 1178 172 1266 δὲ
194 1205 301 1268 πέντε.
337 1196 359 1287 ἡ
382 1198 420 1268 δὲ
439 1197 636 1268 mmmm*
659 1196 726 1268 άπὸ
744 1202 814 1268 τῶν
832 1196 959 1287 άρτίων
977 1197 1148 1285 ἐπιχειρεῖ·

132 1309 283 1391 λαβοῦσα
310 1304 375 1393 γάρ
403 1304 464 1375 τὸν
491 1308 640 1375 δοθέντα
666 1304 785 1395 άρτιον
812 1310 951 1392 τίθησιν
972 1300 1079 1373 αάεδν
1101 1298 1149 1385 ὥς

132 1417 214 1498 μίαν
231 1409 381 1500 πλευράν
398 1415 468 1481 τῶν
487 1411 562 1500 περὶ
580 1410 643 1498 τὴν
656 1408 770 1501 ὀρθὴν
783 1410 839 1481 ιιαί
852 1414 975 1480 τοῦτον
988 1412 1148 1479 διελοῦσα

133 1520 211 1604 δίχα
228 1519 284 1586 καὶ
301 1523 546 1606 πετραγωνίσαρ
563 1516 602 1587 τὸ
616 1514 722 1606 ἥμισυ
738 1516 874 1607 μονάδα
890 1514 954 1603 μδν
970 1518 1018 1608 τῷ
1036 1540 1149 1603 τετρα-

82 1644 115 1695 10
132 1622 233 1714 γάνμ
255 1634 444 1712 προσθεῖσα
466 1623 641 1713 ποιεῖτὴν
662 1622 925 1709 ὑποτείνουσαν,
954 1621 1087 1709 μονάδα
1108 1618 1148 1691 δδ

132 1726 272 1816 άφελιδν
298 1734 359 1799 τοῦ
388 1730 601 1819 τετραγώνου
627 1727 805 1817 ποιεῖτὴν
832 1729 949 1818 ἑτέραν
975 1731 1045 1798 τῶν
1070 1726 1148 1816 περὶ

132 1835 194 1923 τὴν
218 1834 339 1925 ὀρθήν.
376 1832 450 1906 οἷον
473 1838 534 1905 τὸν
557 1838 701 1925 τέσσαρα
724 1839 876 1923 λαβοῦσα
892 1835 950 1904 καί
967 1832 1092 1904 τοάτον
1108 1830 1149 1905 τδ

134 1938 237 2027 ἥμισυ
255 1947 277 2027 β
294 1948 539 2030 τετραγωνίσας
556 1944 612 2011 καὶ
629 1941 773 2030 ποιήσας
790 1939 896 2012 αὐτὸν
915 1932 945 2028 δ,
972 1938 1148 2028 άφελοῦσα

133 2046 195 2133 μὲν
218 2045 351 2134 μονάδα
374 2062 465 2116 ποιεῖ
490 2047 552 2118 τὸν
573 2054 609 2135 γ,
637 2058 826 2138 προσθεῖσα
853 2048 891 2117 δὲ
918 2062 1009 2117 ποιεῖ
1033 2045 1094 2115 τὸν
1118 2059 1147 2117 ἒ·

82 2173 114 2222 ιε
132 2151 188 2219 καί
211 2157 277 2239 ἔχει
303 2151 342 2221 τὸ
370 2151 453 2223 αὐτὸ
480 2154 667 2242 γενόμενον
693 2161 877 2243 τρίγωνον,
910 2150 1007 2222 ὃκαί
1030 2155 1067 2222 έν
1089 2157 1149 2240 τῆς

133 2259 245 2346 ἑτέρας
267 2255 453 2329 άπετελεῖτο
482 2262 647 2349 μεθόδου·
683 2260 811 2350 τὸγὰρ
835 2258 900 2328 άπὸ
924 2260 1046 2329 τούτου
1070 2269 1147 2329 ἴσον

132 2369 177 2457 τῷ
202 2363 266 2435 άπὸ
290 2371 352 2435 τοῦ
373 2396 395 2455 γ
417 2368 473 2435 καί
496 2373 542 2460 τῷ
566 2367 630 2437 άπὸ
654 2359 756 2437 τοῦδ
780 2377 1002 2435 σνντεθεῖσιν.
1043 2371 1147 2435 ταῦτα

132 2471 193 2556 μὲν
209 2465 272 2540 οὖν
286 2475 413 2553 ἔξωθεν
426 2476 720 2562 προσιστορήσθω·
733 2478 792 2559 της
807 2474 844 2541 δέ
857 2477 919 2541 τοῦ
934 2477 1148 2560 στοιχειωτοῦ

132 2577 333 2658 ἀποδείξεως
356 2577 459 2665 οὔσης
482 2584 633 2667 φανεράς
656 2578 759 2648 οὐδὲν
781 2577 927 2666 ἡγοῦμαι
951 2584 1023 2646 δεῖν
1046 2600 1147 2665 προσ-

79 2702 115 2752 εο
133 2692 247 2751 θεῖναι
274 2684 443 2771 περιττόν,
477 2684 562 2753 άίίὰ
590 2683 769 2771 άριιεῖσθαι
796 2700 866 2765 τοῖς
894 2687 1146 2773 γεγραμμένοις,

134 2789 204 2857 ἐπεὶ
222 2789 276 2856 καὶ
298 2787 373 2858 ὅσοι
390 2791 603 2876 προσέθεσάν
622 2819 654 2860 τι
672 2793 786 2876 πλέον,
810 2789 855 2872 ὡς
873 2795 908 2859 οἱ
923 2794 998 2878 περὶ
1008 2790 1148 2878 Ἥρωνα

132 2897 188 2963 καὶ
213 2893 369 2982 Πάππον,
391 2894 658 2984 ἠναγκάσθησαν
681 2903 885 2984 προσλαβεῖν
903 2923 934 2965 τι
957 2901 1027 2966 τῶν
1045 2900 1082 2967 έν
1100 2903 1147 2991 τῷ

133 3004 214 3093 ἕκτῳ
239 3004 462 3090 δεδειγμένων
487 3001 628 3084 οὐδενὸς
650 3005 747 3073 ἕνεκα
770 3002 1075 3091 πραγματειάδους.

202 3111 275 3178 150.
306 3107 415 3176 Ἔστω
448 3107 469 3196 ἡ
502 3110 600 3197 βάσις
630 3115 691 3180 τοῦ
723 3110 892 3199 τριγώνου
918 3120 952 3193 ἓ,
983 3114 1052 3178 τῶν
1084 3111 1146 3179 δύο

80 3236 115 3285 25
133 3217 288 3301 πλευρῶν
311 3213 332 3300 ἡ
357 3214 418 3301 μὲν
438 3220 469 3301 γ,
492 3214 513 3303 ἡ
538 3214 570 3285 δ’
592 3217 686 3302 ἑτέρα
706 3210 737 3302 δ,
760 3216 798 3284 τὸ
822 3214 886 3285 άπὸ
909 3218 1011 3284 τῶνε
1034 3216 1148 3303 τετρά-

132 3346 246 3405 γωνον
269 3326 320 3405 τῖε,
347 3319 386 3389 τὸ
409 3317 475 3390 άπὸ
503 3326 562 3409 τῆς
583 3329 605 3410 γ
627 3316 668 3410 θ,
697 3323 734 3393 τὸ
758 3320 823 3392 άπὸ
846 3327 904 3410 τῆς
928 3314 951 3391 δ
970 3327 1020 3408 Ε,
1047 3328 1083 3396 ῖξ
1109 3324 1147 3392 δὲ

133 3427 189 3493 καὶ
211 3435 238 3493 θ
261 3431 314 3509 δῖε,
341 3424 425 3517 άπερ
454 3426 535 3497 ὅλον
565 3430 634 3498 ἐστὶ
656 3427 694 3499 τὸ
718 3426 784 3497 άιιδ
806 3434 865 3517 τῆς
886 3441 904 3498 ἓ
926 3430 1146 3520 τετράγωνον.

206 3626 265 3676 160.
286 3621 346 3676 V¹f.

205 3805 230 3853 2.
250 3800 313 3885 τοῦ]
334 3798 432 3870 (prius)
451 3805 513 3863 ταῖς
531 3816 547 3856 ε
562 3816 631 3857 corr.
646 3799 677 3855 P.
752 3806 793 3855 12.
813 3797 927 3873 τούτου]
947 3804 997 3858 τοῦ
1018 3803 1048 3859 Ρ.
1105 3810 1149 3862 16.

68 3824 244 3999 ’πάτριά
260 3890 365 3928 τουτον
382 3872 413 3928 Ρ.
490 3876 532 3929 17.
552 3873 727 3928 συντιθεῖσιν
748 3868 780 3927 Ρ.
