2414 4236
202 488 359 540 scflom
376 490 416 541 m
434 487 709 539 ELEMENTORUM
727 486 867 539 mmm
880 487 957 540 xm.
1017 483 1081 550 657

64 632 210 696 πλαίσιον
229 631 264 697 έκ
282 639 344 696 τοῦ
357 626 493 715 πρώτου
511 627 566 695 καὶ
586 632 710 714 τρίτου,
730 625 930 707 ἑξαπλάσιον
946 624 1001 693 διὰ
1020 632 1082 694 τοῦ

65 739 278 819 τριπλασίου·
304 736 436 802 ἐκείνου
453 731 518 818 γὰρ
542 730 721 801 διπλάσιον
745 730 945 817 ποιήσαντες
964 736 1082 819 ἔχομεν

67 841 278 921 ἑξαπλάσιον.

136 950 188 1013 20.
230 943 275 1012 Τὸ
299 943 366 1029 ἄρα
388 941 454 1010 ὑπὸ
479 947 546 1010 τών
569 968 599 1029 p.
618 945 694 1030 258,
713 946 747 1026 6]
772 939 940 1030 ὅτανγὰρ
964 941 1082 1011 εὐθεῖα

66 1049 173 1138 ἄκρον
191 1050 246 1117 καὶ
266 1050 369 1135 μέσον
384 1048 488 1135 λόγον
502 1052 626 1138 τμηθῇ,
644 1047 682 1116 τὸ
700 1043 766 1116 ὑπὸ
785 1059 853 1118 τῶν
872 1047 986 1138 ἄκρων
1004 1058 1081 1118 ἴσον
1117 1072 1134 1122 6

66 1156 136 1223 ἐστὶ
159 1160 204 1246 τῷ
229 1154 294 1224 ἀπὸ
317 1165 377 1242 τῆς
399 1156 508 1242 μέσης.

135 1265 187 1330 21.
209 1260 336 1346 ’Ἄκρον
355 1259 418 1348 γὰρ
439 1261 494 1328 καὶ
514 1261 617 1346 μέσον
631 1260 735 1345 λόγον
749 1265 933 1347 τμηθείσης
945 1272 1003 1347 τῆς
1016 1267 1082 1329 ΑΒ

66 1365 149 1434 κατὰ
173 1364 212 1433 τὸ
236 1372 268 1433 Γ
287 1363 442 1454 ἁρμόττει
467 1362 517 1434 ἐπ’
539 1363 642 1451 αὐτῆς
664 1365 702 1433 τὸ
722 1365 765 1447 ιζ’
783 1367 945 1453 θεώρημα
967 1370 1029 1435 τοῦ
1049 1366 1081 1438 ς’

65 1477 203 1558 βιβλίου
229 1470 268 1539 τὸ
296 1472 407 1558 λέγον·
445 1470 505 1540 ἐὰν
533 1484 621 1560 τρεῖς
649 1468 779 1540 εὐθεῖαι
807 1469 978 1559 ἀνάλογον
1008 1465 1082 1557 ώσι,

67 1576 105 1645 τὸ
123 1575 190 1647 ὑπὸ
208 1581 278 1646 τῶν
297 1576 410 1665 ἄκρων
428 1579 666 1667 περιεχόμενον
685 1575 900 1667 ὀρθογώνιον
920 1587 996 1647 ἴσον
1013 1579 1080 1647 ἐστὶ
1102 1602 1134 1652 ιο

66 1686 114 1774 τῷ
138 1682 205 1752 ἀπὸ
228 1687 288 1771 τῆς
309 1684 411 1771 μέσης
432 1683 639 1776 τετραγώνῳ.

135 1793 188 1858 22.
225 1791 292 1858 Καὶ
317 1791 387 1858 ἐπεὶ
411 1798 487 1858 ἴσον
513 1792 586 1858 ἐστί
610 1815 641 1876 p.
664 1792 744 1877 258,
766 1792 801 1873 9]
829 1789 1081 1877 παραπλήρωμα

64 1894 143 1983 γάρ·
169 1894 286 1964 6ιάτό
310 1895 368 1984 μγ’
391 1899 453 1964 τοῦ
477 1894 520 1963 α’.

435 2092 491 2156 Ad
515 2114 618 2176 prop.
641 2091 681 2156 V.
690 2091 714 2178 ¹)

137 2213 189 2277 23.
223 2209 302 2278 Ἐάν
320 2238 351 2299 p.
366 2215 441 2299 258,
455 2214 512 2295 25]
538 2209 597 2279 ἐὰν
615 2209 733 2278 εὐθεῖα
751 2212 885 2300 γραμμὴ
901 2212 1006 2301 ἄκρον
1024 2215 1080 2281 καὶ
1101 2237 1133 2286 16

67 2317 171 2402 μέσον
194 2316 299 2403 λόγον
326 2322 454 2408 τμηθῇ,
488 2323 580 2385 ἔσται
612 2314 658 2396 ώς
685 2316 938 2407 συναμφότερος
969 2316 991 2405 ἡ
1019 2318 1080 2406 ὅλη

66 2424 122 2490 καὶ
140 2420 178 2491 τὸ
198 2429 311 2510 μεῖζον
328 2429 440 2512 τμῆμα
458 2423 543 2511 πρὸς
560 2421 623 2510 την
642 2420 738 2510 ὅλην,
764 2421 870 2504 οὕτως
884 2423 905 2510 ἡ
921 2422 981 2511 ὅλη
996 2450 1081 2513 προς

67 2526 104 2595 τὸ
129 2534 241 2614 μεῖζον
263 2534 383 2617 τμῆμα.

136 2638 187 2702 24.
222 2634 319 2704 Ἀλλὰ
342 2640 387 2728 τῷ
411 2636 472 2723 μὲν
491 2642 556 2703 ΓΕ
576 2663 607 2723 p.
627 2639 701 2722 260,
722 2639 777 2721 14]
801 2647 869 2706 τῶν
893 2636 957 2725 γὰρ
976 2663 1081 2723 παρα-

67 2741 299 2827 πληρωμάτων
318 2750 402 2810 λσων
422 2739 532 2810 ὄντων
549 2741 605 2808 καλ
619 2745 738 2809 κοινοῦ
756 2744 1001 2830 προστεθέντος
1018 2748 1080 2813 τοῦ
1099 2767 1134 2817 20

68 2852 133 2913 ΖΕ
153 2845 191 2914 τὸ
215 2854 280 2916 ΓΕ
298 2851 345 2941 τῷ
369 2854 434 2916 ΘΕ
456 2855 532 2915 ἴσον
556 2850 633 2916 έστί.

143 3044 169 3110 1)
188 3041 221 3096 In
240 3058 296 3111 mg.
311 3041 347 3096 ad
365 3058 445 3110 prop.
460 3039 499 3094 v1
517 3039 623 3110 legitur
636 3039 688 3094 V¹=
710 3036 853 3108 περιττόν
873 3039 925 3110 χρὴ
939 3038 994 3111 γὰρ
1008 3040 1079 3111 μετὰ

67 3107 119 3173 τὰς
134 3110 285 3176 συνθέσεις
298 3112 346 3166 ιιαλ
360 3107 411 3173 τὰς
425 3105 577 3174 ἀναλύσεις
589 3112 688 3184 λαβεῖν
702 3110 798 3177 τοῧτσς
821 3111 851 3165 in
865 3128 922 3181 mg.
936 3114 1079 3182 opposito:

67 3181 153 3236 τοῦτο
172 3179 243 3237 αὖτό
263 3177 320 3237 ἐστι
339 3178 370 3237 τὸ
390 3180 518 3252 πέμπτον
536 3182 570 3251 τῇ
589 3183 678 3248 διέξει
696 3176 769 3253 μόνη
788 3179 820 3237 τὸ
840 3178 980 3251 διάφορον
1000 3181 1078 3253 ἔχον·

67 3248 159 3314 ἄλλως
177 3249 209 3306 τὸ
228 3252 358 3324 πέμπτον
370 3250 421 3321 Vb,
439 3251 565 3322 sequitur
578 3269 642 3323 app.
657 3271 697 3308 nr.
713 3259 728 3308 7
748 3271 776 3323 p.
790 3258 843 3308 862
857 3250 898 3307 Vb
916 3255 954 3323 (p.
968 3259 1030 3321 862,
1046 3261 1079 3310 17

68 3318 120 3392 ὥς]
141 3338 211 3377 corr.
228 3339 261 3378 ex
276 3319 307 3391 ώ,
325 3329 359 3378 21
380 3323 474 3395 ΒΑΓ]
490 3338 575 3393 supra
589 3339 641 3378 sor.
655 3331 686 3392 A,
704 3341 731 3394 p.
747 3329 808 3394 864,
829 3329 862 3380 16
881 3323 978 3396 ΒΑΓ]
995 3342 1081 3394 supra

67 3409 120 3446 σοι.
140 3399 177 3458 A,
208 3398 239 3446 11
264 3397 365 3449 καί-
386 3400 418 3448 12
442 3394 510 3465 ΑΓ]
536 3410 604 3460 om.‚
635 3399 667 3448 12
691 3396 737 3464 ἴση
757 3425 790 3436 -
810 3401 844 3450 14
862 3395 928 3466 ΑΔ]
949 3394 1017 3464 del„
1047 3402 1079 3451 16

66 3459 97 3532 ἡ]
118 3463 217 3532 (prius)
237 3467 311 3534 om.).

140 3645 182 3694 20.
203 3641 257 3695 Bb.
330 3645 372 3695 21.
392 3640 440 3695 Ψ.
513 3645 556 3695 22.
575 3639 606 3693 Β.
680 3646 722 3697 23.
741 3640 782 3696 b'.
854 3646 897 3698 24.
917 3642 964 3698 V’.

139 3825 163 3873 6.
181 3813 253 3890 ὑπό]
272 3813 331 3873 ‘ino'
349 3816 381 3872 Β.
454 3823 479 3873 6.
498 3818 550 3890 τῷ]
569 3813 601 3872 τό
619 3815 646 3872 b.

120 3916 273 3971 Εασιιᾱει,
285 3915 336 3959 od&
350 3916 453 3969 Βιλσοτς
466 3919 489 3960 ιι
502 3916 593 3970 Moneo.
611 3917 642 3960 8.
896 3912 935 3959 ᾖ
