2414 4236
219 509 376 562 sellom
393 511 433 563 m
450 510 726 563 ELEMENTORUM
743 512 881 564 LIBRUM
895 512 917 564 1.
1026 509 1069 574 95

49 677 115 731 τας
137 649 201 738 μὲν
223 648 327 738 ἄκρας
350 647 462 718 αὐτῶν
486 651 647 738 δυνάμεις
673 652 728 718 καὶ
757 651 875 737 ἐφετὰς
898 658 1070 741 σταθερῶς

54 754 103 838 ὥς
124 757 250 846 κέντρῳ
278 756 493 843 καθιδρύων,
525 755 565 824 τὰ
593 757 630 824 δὲ
657 756 772 844 πλήθη
799 762 868 826 τῶν
891 759 1069 846 δυνάμεων

54 863 95 932 τὸ
127 864 202 951 περί
235 859 340 943 αάτάς
372 864 520 948 ἐνεργεῖν
552 866 722 950 παρέχων,
759 878 831 944 ταῖς
868 864 906 932 δὲ
937 879 1070 951 νοεραῖς

56 968 189 1051 οάσίιιις
214 969 253 1039 τὸ
282 973 464 1049 διαιωνίως
491 971 640 1056 ἐνεργεῖν
666 970 721 1038 καὶ
750 968 834 1056 πρὸς
860 968 980 1050 έαυτάς
1003 973 1070 1039 ἐπι-

56 1077 213 1164 στρέφειν
239 1076 296 1144 καὶ
324 1073 405 1160 παρ’
431 1076 558 1144 ἑαυτῶν
585 1080 801 1162 πληροῦσθαι
825 1080 883 1162 τῆς
905 1075 1068 1162 γυιόσεως.
1106 1097 1123 1148 σ

53 1197 126 1263 ταῖς
145 1182 183 1251 δέ
201 1194 325 1269 ψυχαῖς
338 1183 512 1269 ἐπιλάμπει
531 1179 569 1250 τὸ
584 1179 764 1267 αότόζωον,
783 1181 821 1250 τὸ
837 1181 1070 1269 αὐτοκίνητον,

52 1288 91 1359 τὸ
110 1288 196 1376 πρὸς
215 1292 303 1357 νοίν
321 1290 592 1375 ἐπιστρέφεσθαι,
615 1287 654 1356 τὸ
672 1287 732 1367 τὰς
750 1292 874 1369 οἰκείας
891 1286 1071 1375 περιόδους

53 1392 263 1480 ἀνελίσσειν,
294 1407 365 1474 τοῖς
395 1394 433 1462 δέ
462 1390 634 1479 οὐρανίοις
661 1394 791 1481 νάμασι
818 1394 881 1481 τὴν
904 1392 987 1481 πρὸς
1010 1393 1070 1462 τὸν

53 1505 143 1570 νοῦν
170 1499 400 1588 ἀφομοίωσιν,
432 1513 503 1579 τοῖς
530 1498 562 1568 δ’
588 1497 654 1568 ὑπὸ
682 1500 827 1587 σελήνην
854 1499 916 1586 τὴν
940 1504 1070 1581 ἐντοῖς

55 1613 256 1694 μεταβολαῖς
272 1605 424 1693 πρόοδον
440 1606 496 1674 καὶ
515 1632 554 1675 το
574 1608 611 1674 ἐν
628 1619 699 1687 τοῖς
719 1621 871 1694 γενητοῖς
884 1605 1070 1694 ἀγέννητον
1090 1632 1124 1680 10

55 1713 113 1781 καί
135 1711 199 1799 τὴν
221 1711 347 1781 ἀείδιον
371 1718 628 1798 παλιγγενεσίαν
654 1713 710 1780 καὶ
738 1713 799 1799 τὴν
825 1713 908 1801 πρὸς
930 1713 991 1783 τὸν
1016 1711 1070 1781 οὐ·

56 1819 164 1906 ρανὸν
188 1817 413 1905 ἀφομοίωσιν,
437 1833 507 1897 τοῖς
530 1820 571 1886 δέ
590 1845 627 1904 γε
645 1817 735 1907 παρὰ
754 1819 860 1906 φύσιν
879 1821 1071 1907 λεγομένοις

59 1926 142 2016 ’όρον
165 1927 221 1994 καί
247 1926 343 2006 τάξιν
371 1928 550 2012 ἐπιτίθησι.
596 1925 634 1994 ου’
667 1924 732 2012 γὰρ
764 1924 920 2014 εὐφορίαι
950 1927 1069 2015 μόνον,

59 2029 143 2099 ἀλλά
169 2031 225 2100 καί
253 2029 393 2119 ἀφορίαι
422 2030 503 2099 κατὰ
532 2030 733 2119 περιτροπάς
760 2039 992 2117 συνίστανται,
1026 2031 1071 2111 άίς

56 2156 164 2226 φησιν
187 2134 206 2206 ὁ
229 2139 267 2205 ἐν
290 2143 451 2227 Πολιτείᾳ
473 2141 541 2205 τῶν
565 2148 700 2224 μουσῶν
728 2138 836 2224 λόγος,
882 2139 937 2205 καὶ
960 2140 1070 2206 πάντα
1091 2163 1124 2212 15

57 2244 95 2313 δὲ
118 2241 159 2312 τά
182 2243 283 2329 κακά,
311 2248 342 2311 εί
362 2244 419 2311 καὶ
441 2242 637 2331 ἀπέρριπται
660 2243 776 2332 πόρρω
799 2269 866 2312 που
890 2242 955 2312 ἀπὸ
978 2253 1071 2312 θεῶν

56 2355 105 2430 είς
126 2348 188 2418 τὸν
210 2346 344 2435 θνητὸν
365 2350 421 2416 καί
449 2345 501 2416 ἀεὶ
528 2348 819 2436 μεταβαλλόμενον
847 2349 967 2435 τόπον,
995 2347 1068 2417 ἀλλ’

56 2448 121 2525 οὖν
152 2461 340 2541 περιπολεῖ,
373 2456 478 2542 φησίν
507 2453 525 2523 ὁ
550 2455 743 2541 Σωκράτης.
799 2453 900 2523 οὐδὲν
928 2457 1072 2542 ἄμοιρον

55 2561 123 2651 ἄρα
150 2562 318 2630 λέλειπται
344 2566 405 2649 τῆς
432 2565 589 2648 κυκλικῆς
617 2561 824 2649 ὁμοιότητος·
862 2560 916 2631 διὸ
947 2562 1003 2630 καὶ
1032 2561 1072 2630 τὰ

55 2672 141 2758 μέσα
168 2671 289 2752 κέντρα
318 2669 448 2755 συνέχει
476 2672 535 2754 τῆς
561 2670 714 2755 προόδου
740 2674 808 2738 τῶν
832 2667 990 2759 ἀριθμῶν
1012 2673 1071 2757 της
1090 2695 1124 2745 20

56 2772 123 2844 ἀπὸ
147 2773 296 2861 μονάδος
319 2772 395 2862 ἄχρι
420 2774 572 2854 δεκάδος·
596 2772 702 2862 ἡγὰρ
720 2775 849 2863 πεμπὰς
866 2778 922 2844 καὶ
942 2775 1017 2858 ἑξὰς
1036 2779 1072 2844 ἐκ

54 2883 196 2952 πάντων
224 2878 286 2967 τὴν
313 2879 474 2967 κυκλικὴν
502 2882 726 2950 ἐπιδείκνυται
755 2881 914 2969 δύναμιν·
952 2890 1069 2950 πολλα-

54 2986 315 3073 πλασιαζόμενοι
334 2985 399 3073 γὰρ
419 2991 466 3066 είς
481 2987 621 3066 ἕαυτους
633 2986 888 3073 καταλήγουσιν.
920 2987 1072 3075 προόδου

56 3096 118 3183 μὲν
143 3086 208 3163 οὖν
237 3091 256 3160 ὁ
282 3092 598 3179 πολλαπλασιασμὸς
625 3102 744 3179 αίτιος,
777 3090 798 3179 ἡ
828 3092 865 3160 δέ
893 3096 940 3172 είς
967 3090 1071 3159 αὑτὸν

54 3199 233 3287 κατάληξις
256 3202 467 3287 ἐπιστροφῆς,
490 3200 527 3267 τὸ
552 3198 590 3267 δὲ
613 3198 870 3287 συναμφότερον
893 3195 1070 3285 ἡκυκλικὴ
1090 3221 1124 3271 2⁶

55 3308 232 3395 παρέχεται
253 3305 404 3392 δύναμις.
432 3302 517 3373 ἀλλὰ
536 3308 640 3373 ταῦτα
659 3304 720 3391 μέν
739 3297 820 3373 ὦδε·
843 3303 1070 3390 θεωρήσωμεν

56 3415 107 3498 δέ,
129 3410 221 3493 ὅπως
243 3417 291 3492 είς
308 3415 418 3480 πᾶσαν
438 3409 612 3498 ἀκρίβειαν
631 3408 649 3479 ὁ
669 3415 729 3479 τοῦ
749 3409 875 3478 κύκλου
894 3408 973 3496 ὅρος
991 3407 1071 3478 ἀπο-

128 3651 153 3700 6.
182 3638 348 3714 αάιόζωον]
377 3637 448 3698 αάτδ
477 3643 539 3710 ζῶν.
627 3648 668 3697 13.
698 3638 848 3707 ἐπιτιθεῖςς
881 3641 929 3696 cfr.
957 3640 1071 3696 Proelus

55 3721 216 3787 p.14⁹‚2‘1.
289 3709 438 3787 εάφορίαι]
457 3734 475 3768 υ
495 3716 525 3769 οῖ
538 3714 616 3785 prius
630 3733 641 3767 ι
654 3716 801 3782 expuncta.
876 3719 917 3768 14.
937 3709 1070 3784 ἀφορίαι]

56 3789 265 3858 [expunctum
339 3790 380 3840 18.
400 3780 518 3857 ἄραρον,
538 3800 692 3856 suprascr.
712 3805 729 3838 ι.
803 3789 846 3839 ῖῖ,
867 3780 915 3860 {a}
934 3801 1006 3855 οωε,
1024 3782 1078 3840 eh.

55 3857 174 3915 Proclm
192 3876 221 3929 p.
241 3860 302 3927 150,
322 3861 363 3912 19.
