2414 4236
221 486 379 540 scnom
394 488 434 541 m
451 488 727 542 ammom
744 490 919 543 LIBRUMI.
1028 488 1071 553 89

113 624 216 695 Ὅταν
230 626 269 696 δέ
282 629 321 695 αί
331 631 395 715 τὴν
407 635 537 713 γωνίαν
551 630 762 717 περιέχουσαι
775 630 924 718 γραμμαὶ
938 627 1072 699 εὐθεῖαι

55 724 152 819 ῶσιν,
173 731 414 824 εὐθύγραμμος
436 733 457 823 ἡ
480 742 588 822 γωνία
609 745 765 805 καλεῖται.

123 838 186 927 τὴν
207 847 336 927 γωνίαν
359 844 531 929 σύμβολον
555 841 646 911 εἰναί
664 870 776 930 φαμεν
797 843 852 910 καὶ
876 845 989 912 εἰκόνα
1011 847 1073 928 τῆς

58 952 204 1036 συνοχῆς
224 952 284 1036 τῆς
307 950 344 1017 ἐν
362 963 433 1030 τοῖς
450 955 560 1027 θείοις
577 951 710 1035 γένεσιν
728 951 856 1038 καὶτῆς
870 945 1072 1037 συναγωγοῦ

56 1055 178 1135 τάξεως
199 1059 268 1124 τῶν
292 1056 505 1143 διῃρημένων
533 1059 581 1136 εἰς
608 1057 658 1124 έν·
700 1055 822 1141 δεσμὸς
849 1054 913 1143 γὰρ
941 1061 1067 1142 γίνεται
1106 1083 1122 1132 ⁶

55 1160 112 1229 καί
133 1159 218 1247 αὕτη
236 1164 306 1228 τῶν
324 1166 461 1230 πολλῶν
478 1165 641 1248 γραμμῶν
658 1162 715 1229 καί
734 1161 901 1230 ἐπιπέδων
919 1163 975 1230 καὶ
994 1183 1071 1230 συν-

55 1293 189 1353 αγωγος
210 1269 275 1335 τοῦ
297 1268 462 1354 μεγέθους
484 1272 532 1346 εἰς
554 1265 592 1335 τὸ
615 1266 735 1353 ἀμερὲς
757 1282 904 1354 σημεῖον.
943 1266 1071 1335 διὸκαὶ

53 1375 94 1441 τὸ
117 1374 238 1460 λόγιον
261 1378 465 1460 συνοχηίδας
483 1370 645 1441 ἀποκαλεῖ
661 1372 720 1454 τάς
737 1379 871 1460 γωνίας,
896 1371 940 1454 ῶς
958 1374 1073 1442 εἰκόνα

55 1478 229 1566 φερούσας
260 1483 330 1548 τῶν
362 1491 553 1568 συνοχικοῖν
581 1479 745 1549 ἐνῶσεων.
790 1484 828 1547 αί
853 1480 914 1568 μὲν
942 1472 1007 1549 οὖν
1035 1482 1071 1548 ἐν

55 1599 131 1664 ταῖς
150 1588 356 1671 ἐπιφανείαις
373 1591 493 1671 γωνίαι
506 1583 566 1666 τάς
579 1583 761 1673 άυλοτέρας
774 1587 830 1654 καί
845 1584 1071 1669 ἁπλουστέρας
1092 1613 1125 1662 10

56 1692 114 1759 καὶ
136 1692 340 1779 τελειοτέρας
361 1688 628 1778 ἀποτυποῦνται,
654 1696 692 1760 αί
713 1693 751 1761 δὲ
774 1697 811 1762 ἐν
833 1707 904 1774 τοῖς
927 1707 1073 1779 στερεοῖς

55 1797 117 1877 τὰς
138 1797 323 1887 προῖοάσας
345 1799 439 1886 μέχρι
461 1808 531 1867 τῶν
555 1798 702 1884 ἐσχάτων
725 1800 780 1866 καί
802 1813 872 1880 τοῖς
890 1799 997 1886 πάντη
1018 1825 1071 1887 με·

57 1919 185 1988 ριστοῖς
207 1901 344 1991 ὁμοφυῆ
368 1903 537 1986 σύνταξιν.
573 1908 640 1972 τῶν
660 1904 697 1973 δὲ
716 1907 753 1973 ἐν
771 1919 844 1986 ταῖς
863 1908 1071 1992 ἐπιφανείαις

60 2012 98 2076 αἰ
115 2009 176 2096 μὲν
193 2009 253 2090 τὰς
271 2010 402 2095 πρῶτος
415 2012 471 2078 καὶ
485 2008 654 2097 ἀμίκτους,
675 2015 713 2078 αἰ
726 2011 763 2079 δὲ
776 2012 834 2092 τὰς
847 2023 906 2098 τῆς
919 2009 1072 2099 ἀπειρίας

58 2116 253 2197 σεινεκτικάς
268 2120 338 2185 τῶν
357 2119 393 2185 ἐν
412 2114 527 2198 αὐτοῖς
544 2120 702 2202 προόδων
716 2115 993 2199 ἀπεικονίζονται·
1015 2119 1071 2185 καί
1092 2143 1125 2191 ιο

58 2225 96 2288 αἰ
116 2221 178 2308 μλν
200 2219 261 2302 τάς
282 2233 351 2291 τῶν
374 2227 505 2309 νοερῶν
528 2227 630 2291 εἰδῶν
654 2222 881 2308 ἑνοποιοῦσιν,
905 2226 943 2289 αἰ
959 2221 996 2289 δὲ
1015 2221 1073 2301 τάς

57 2331 128 2397 τῶν
148 2332 323 2415 αἰσθητῶν
345 2328 473 2415 λόγων,
499 2332 537 2397 αί
558 2329 595 2397 δὲ
618 2326 677 2408 τάς
698 2337 767 2397 τῶν
790 2326 912 2415 μεταξὺ
934 2327 1073 2395 τούτων.

59 2437 97 2501 αί
116 2433 179 2521 μὲν
199 2426 265 2503 οὖν
282 2434 590 2523 περιφεράγραμμοι
608 2433 668 2513 τὰς
686 2431 949 2512 συνελισσοάσας
967 2436 1074 2512 αἰτίας

58 2535 320 2626 ἀπομιμοῦνται,
344 2544 381 2608 αἰ
402 2541 440 2609 δὲ
462 2537 697 2627 εὐθύγραμμοι
720 2539 780 2621 τάς
801 2544 870 2610 τῶν
889 2543 1073 2627 αἰσθητῶν,

57 2649 97 2713 αἰ
112 2644 151 2713 δὲ
169 2646 282 2730 μικταὶ
299 2645 359 2727 τὰς
377 2644 438 2734 τὴν
456 2651 641 2715 κοινωνίαν
659 2650 728 2714 τῶν
746 2652 876 2735 νοερῶν
896 2652 998 2716 εἰδῶν
1016 2647 1072 2715 καί
1091 2675 1127 2724 20

57 2755 234 2838 αἰσθητῶν
260 2752 344 2820 κατὰ
372 2758 453 2839 μίαν
478 2755 601 2821 ἕνωσιν
624 2750 809 2822 ἀσάλευτον
832 2754 1073 2840 φυλαττούσας.

117 2855 219 2926 Ὅταν
242 2858 281 2927 δέ
304 2855 422 2926 εὐθεῖα
445 2855 495 2927 ἐπ’
522 2855 661 2926 εὐθεῖαν
684 2868 845 2928 σταθεῖσα
867 2860 928 2940 τὰς
955 2859 1072 2947 ἐφεξὴς

56 2969 184 3049 γωνίας
210 2973 283 3044 ἰσας
311 2961 457 3051 ἀλλήλας
483 2968 579 3052 ποιῇ,
611 2963 700 3051 ὀρθὴ
729 2965 865 3050 ἑκατέρα
893 2968 960 3032 τῶν
989 2972 1072 3032 ἰσων

56 3074 195 3157 γωνιῶν
216 3073 302 3156 ἐστι,
331 3070 387 3137 καὶ
415 3068 436 3156 ἡ
464 3072 665 3156 ἐφεστηκυῖα
691 3069 825 3157 γραμμὴ
853 3069 996 3148 κάθετος
1017 3095 1073 3136 κα-

57 3183 176 3263 λεῖται,
200 3175 253 3263 ἐφ’
270 3174 314 3263 ἣν
333 3180 527 3263 ἐφέστηκεν·
552 3174 692 3263 ἀμβλεῖα
712 3176 749 3244 δὲ
771 3174 792 3263 ἡ
816 3181 936 3262 μείζων
955 3173 1071 3261 ὀρθῆς,
1091 3201 1127 3250 25

57 3279 151 3363 ὀξεῖα
173 3282 212 3351 δέ
233 3279 255 3370 ἡ
279 3282 432 3352 ἐλάσσων
455 3281 571 3370 ὀρθῆς.

127 3385 168 3455 δι’
185 3385 230 3474 ἣν
244 3392 355 3456 αἰτίαν
369 3387 408 3457 τὸ
422 3392 584 3473 τριπλοῦν
598 3414 666 3457 τον
680 3391 815 3474 γωνιῶν
830 3383 920 3465 εἶδος
936 3383 1073 3472 ὑπέστη,

56 3495 242 3582 γεωμέτραι
265 3497 327 3582 μὲν
351 3497 413 3565 οὐκ
436 3491 480 3564 ἀν
505 3508 620 3581 φαῖεν,
645 3497 681 3561 οἰ
702 3493 739 3561 δὲ
763 3492 996 3580 Πυθαγόρειοι
1018 3494 1074 3561 καὶ

134 3697 160 3748 θ.
183 3691 371 3816 wambani]
395 3689 500 3761 συνοχὴ
520 3690 603 3753 ἰδίας.
688 3695 728 3743 13.
752 3689 820 3777 Pon}
838 3687 972 3774 σύνταξιν
995 3666 1075 3744 deest

60 3761 271 3889 παριςοομέταςς
301 3782 327 3818 u.
369 3763 462 3817 roelus
480 3781 507 3832 p.
529 3768 591 3830 129,
613 3766 654 3815 15.
738 3766 778 3815 16.
799 3779 957 3818 ενοποιοαο.
1031 3767 1075 3817 28,

57 3837 160 3903 παθη
179 3853 244 3903 ριοι.
