2414 4236
218 534 374 587 SCHOLIA
392 536 432 587 IN
450 536 725 589 ELEMENTORUM
743 540 882 591 LIBRUM
895 541 928 593 X.
1015 539 1081 604 443

65 676 223 764 βούλεται
247 677 368 761 δεῖξαι,
392 674 443 744 ότι
466 688 536 756 τοῖς
559 678 758 764 συμμέτροις
780 679 892 748 ἕπεται
914 678 952 748 τὸ
976 679 1081 767 λόγον

65 789 166 871 ἐχειν,
190 781 232 851 ὃν
255 780 400 869 άριθμὸς
417 780 500 868 πρὸς
518 778 668 870 άριθμὸν
686 785 741 851 καὶ
760 782 938 854 άνάποιλιν.
974 790 1080 855 δεῖται

65 889 105 959 δὲ
128 894 175 971 εἰς
197 892 297 959 τοῦτο
321 895 522 976 λημματλου,
551 886 641 969 ὅπως
663 886 708 958 άν
729 893 798 959 τῶν
821 892 1019 979 συμμέτρων
1041 891 1080 961 τό

64 998 224 1085 μέγιστον
248 992 365 1063 κοινὸν
388 996 511 1082 μέτρον
534 993 615 1084 εὕρῃ
640 994 704 1064 δύο
727 992 880 1084 ἢτριῶν.
917 996 1024 1080 οὕτως
1042 997 1080 1068 δὲ

64 1102 122 1170 καὶ
154 1105 192 1171 ἐν
219 1105 265 1193 τῷ
293 1101 413 1193 πρώτῳ
441 1106 509 1171 τῶν
539 1099 772 1188 ἀριθμητικῶν
801 1106 906 1174 ἐποίει
933 1103 1015 1192 μετὰ
1041 1103 1079 1175 τὸ
1116 1127 1132 1178 σ

65 1211 186 1294 δεῖξαι,
214 1213 303 1288 τίνες
326 1212 361 1276 ολ
382 1207 602 1296 άσόμμετροι,
634 1209 693 1289 οὓς
715 1208 869 1296 πράτονς
891 1211 999 1281 ἐκάλει
1022 1212 1079 1281 όιά

63 1314 103 1385 τὸ
126 1315 171 1403 μὴ
194 1314 302 1402 πάντη
326 1313 557 1404 ἀσυμμέτρους
580 1313 667 1384 εἶναι
692 1313 736 1398 ὡς
762 1315 804 1385 τά
831 1320 974 1406 μεγέθη,
1002 1326 1079 1406 βον-

63 1423 208 1510 λόμενος
231 1424 350 1507 δεῖξαι,
380 1420 431 1490 ὅτι
458 1426 523 1503 πᾶς
547 1420 693 1510 άριθμὸς
715 1422 800 1511 πρὸς
821 1425 953 1494 ἅπαντα
974 1429 1078 1513 λόγον

65 1533 132 1614 ἔχει
150 1524 170 1615 ἢ
185 1524 470 1614 πολλαπλάσιονῆ
485 1530 890 1618 πολλοιπλοισιοεπιμόριον
904 1528 925 1618 ἢ
941 1533 1077 1621 ἐπιμερῆ

64 1631 86 1722 ἢ
113 1633 193 1704 καθ’
223 1637 282 1703 ἕνα
308 1638 378 1705 τόν
406 1633 533 1722 λόγων,
562 1631 622 1715 οὓς
644 1633 746 1716 αὐτὸς
773 1636 925 1706 συνελὼν
952 1641 988 1707 ἐκ
1015 1642 1077 1707 τοῦ
1098 1659 1130 1710 10

64 1741 248 1823 ἐλάσσονος
275 1740 452 1829 ὠνόμασεν
479 1737 500 1828 ἢ
529 1743 631 1828 μέρος
657 1739 678 1829 ἦ
707 1744 798 1831 μέρη.
847 1742 886 1814 τὸ
918 1744 979 1832 μέν
1012 1745 1076 1832 γὰρ

64 1850 163 1937 μέρος
190 1849 332 1936 περιέχει
359 1847 421 1916 τὸν
448 1844 766 1916 ὑποπολλοιπλάσιον
792 1845 814 1935 ἢ
841 1847 1076 1939 ὑπεπιμόριον,

62 1953 103 2023 τά
129 1955 166 2023 δὲ
187 1956 269 2042 μέρη
289 1956 402 2024 τόντε
421 1955 557 2040 ἐπιμερῆ
576 1955 631 2021 καὶ
650 1951 1076 2045 όποπολλαπλοισιεπιμερῆ.

62 2063 164 2128 τοῦτο
188 2052 252 2128 οὖν
275 2058 482 2148 βουλόμενος
504 2061 609 2140 δεῖξαι
632 2060 772 2147 ἐδεήθη,
800 2059 936 2142 πεῖράν
959 2061 997 2132 τό
1021 2064 1076 2151 μέ-

63 2185 181 2253 νιστον
203 2165 323 2235 κοινὸν
345 2165 441 2254 εῧροι
459 2167 581 2254 μέτρον
600 2170 667 2233 τῶν
687 2168 896 2255 συμμέτρων·
920 2164 939 2237 ὃ
959 2169 1001 2257 δὴ
1020 2170 1076 2239 καὶ
1098 2192 1128 2241 15

63 2275 214 2340 ἐνταῦθα
236 2286 333 2342 ποιεῖ.
369 2272 446 2361 μεθ’
468 2269 490 2341 ά
514 2271 729 2360 δειχθήσεται
751 2271 895 2342 κατὰτὸ
917 2276 1076 2363 πέμπτον,

62 2378 114 2447 ὅτι
128 2385 197 2449 τάν
211 2380 409 2466 συμμέτρων
422 2381 588 2467 μεγεθῶν,
607 2381 737 2466 μάλλον
752 2379 789 2447 δὲ
802 2382 870 2447 πάν
885 2378 1076 2468 σύμμετρον

62 2486 205 2573 μέγεθος
227 2484 353 2567 παντὸς
376 2486 566 2572 συμμέτρου
588 2485 754 2573 μεγέθους
780 2482 818 2552 τὸ
842 2490 985 2553 ἔλασσον
1013 2490 1074 2554 τοῦ

62 2597 212 2680 μείζονος
235 2591 309 2680 ἤτοι
332 2593 432 2680 μέρος
455 2593 547 2661 ἐστὶν
570 2589 591 2679 ἦ
616 2592 711 2678 μέρη·
735 2594 834 2661 τοῦτο
857 2590 923 2679 γάρ
947 2594 1016 2660 ἐστι
1034 2592 1072 2661 τὸ

61 2697 165 2785 λόγον
181 2704 278 2786 ἔχειν,
298 2696 340 2767 όν
358 2696 506 2786 άρνθμὸς
524 2696 607 2785 πρὸς
625 2696 785 2785 άρνθμόν.
821 2699 877 2767 καὶ
895 2697 961 2785 γάρ
976 2696 1073 2767 αὐτοὶ
1091 2723 1126 2772 20

61 2803 166 2890 λόγον
190 2811 304 2892 έχουσι
327 2804 590 2890 πολλαπλάσιον,
614 2800 656 2873 ὃν
679 2801 785 2892 μονάς
807 2803 890 2891 πρὸς
913 2802 1074 2892 ἀριθμόν,

132 3041 157 3089 2.
177 3029 223 3125 όν]
243 3053 296 3092 om.
311 3034 446 3091 PVat.V.
501 3034 605 3107 δεῖται]
625 3037 762 3104 δηλοῦται
776 3052 802 3104 q.
858 3041 883 3090 8.
902 3036 1072 3109 λημμοιτίου]

59 3110 155 3175 λῆμμα
174 3126 263 3161 τουτω
284 3126 309 3176 q.
389 3107 445 3160 τῶν
465 3104 640 3176 συμμέτρων]
661 3122 716 3161 om.
736 3107 790 3174 ssq.
867 3102 914 3179 τό]
933 3123 988 3162 om.
1008 3108 1072 3164 Vnt.

96 3182 121 3232 4.
149 3178 217 3233 Post
239 3164 370 3248 μέγιστον
393 3177 457 3232 add.
476 3177 532 3231 τῶν
556 3176 721 3247 συμμέτρων
746 3177 780 3243 Β,
809 3181 847 3230 τό
871 3175 1018 3251 συμμέτρῳ
1045 3197 1071 3249 q.

97 3241 215 3318 εόρηται
233 3248 289 3317 Vq.
370 3243 443 3303 οὕτω
462 3247 527 3303 Vat.
615 3254 640 3302 ὁ.
663 3245 782 3319 κρότοι]
802 3232 880 3322 αότῷ
899 3267 925 3318 q.
1002 3250 1058 3304 τῶν

59 3337 115 3374 om.
135 3337 162 3389 q.
253 3326 279 3374 6.
302 3319 414 3388 πρῶτον
437 3317 569 3387 prvat„
596 3323 626 3374 et
647 3319 684 3388 Β,
709 3302 759 3373 ned
777 3335 846 3374 corr.
936 3324 962 3374 8.
988 3320 1071 3447 πρόρ]

58 3391 112 3445 καί
128 3408 155 3459 q.
217 3396 241 3445 9.
260 3388 582 3460 πολλαπλασιεπιμέριον
600 3407 627 3477 η,
646 3387 855 3446 πολλαπλάσιον
874 3386 1023 3458 ἐπιμόριον
1064 3431 1071 3446 .

96 3467 138 3517 10.
157 3457 188 3532 ἦ]
205 3461 329 3518 οω.ΒΡ.
387 3467 430 3516 12.
449 3459 574 3530 περιέχει
590 3460 653 3549 τον]
668 3478 695 3530 q,
713 3459 871 3530 περιέκειτο
885 3459 1071 3521 ΡΒΡΡιθΡ.

95 3531 168 3586 Dein
187 3528 289 3601 οόᾱ.ἥ
314 3531 427 3602 PBqV.
503 3529 710 3603 θποεπιμοριου
728 3531 759 3586 Ρ.
842 3539 884 3589 18.
902 3533 945 3605 τι]
966 3529 992 3589 τ’
1012 3532 1071 3593 ΡΒ.

94 3604 160 3674 καί]
180 3600 198 3673 ἥ
217 3603 304 3673 qu.
360 3608 401 3657 1⁶.
420 3600 522 3673 μέτρον
542 3598 621 3669 εὕροι
640 3621 667 3673 q.
722 3604 760 3677 τῷ
780 3601 926 3679 συμμέτρῳ
939 3622 972 3733 ἕ.
1030 3612 1071 3663 18.

57 3673 375 3745 παντός-μεγέθους]
391 3690 446 3729 om.
457 3693 484 3744 q.
540 3674 712 3748 συμμέτρου]
733 3673 834 3745 μέτρου
853 3676 883 3730 Ρ.
954 3677 1071 3750 λασσον]

56 3742 129 3811 ὑπέρ
143 3763 170 3814 q.
225 3752 268 3802 20.
287 3743 492 3832 λόγονὶοοωρ.
503 3744 535 3810 Ρ,
555 3741 620 3800 ὅλον
634 3765 660 3872 η
720 3741 819 3819 αότοέ]
840 3738 919 3803 οὗτοι
937 3749 972 3802 V.
1027 3753 1071 3806 21.

58 3814 173 3886 ἔχουσιν
192 3816 284 3871 Πολ.
378 3815 428 3888 ον]
452 3834 483 3886 q,
508 3815 630 3890 012ssss
662 3815 768 3875 VM.
860 3818 974 3890 (10de
991 3831 1024 3888 μ)
1041 3819 1083 3885 Ρ,

53 3885 147 3954 μόνον
165 3887 216 3941 BF
222 3887 282 3942 vat.
292 3886 347 3956 Vq.
