2414 4236
652 405 658 415 ν

233 527 390 580 SCHOLIA
407 529 446 579 IN
464 527 739 579 ELEMENTORUM
758 528 896 581 LIBRUM
910 530 943 582 X.
1029 527 1096 592 503

79 665 193 755 εὑρεῖν
217 667 359 754 δυνάμει
383 667 491 754 μόνον
514 668 722 754 συμμέτρους
745 664 849 755 ῥητὸν
868 667 1097 756 περιεχούσας,

79 776 117 842 έν
141 774 180 844 δδ
200 784 246 865 τῷ
270 778 408 865 εἰκοστῷ
433 770 544 864 ὀγδόῳ
568 773 669 860 μέσας
691 773 796 859 μέσον
818 772 1045 860 περιεχούσας.

148 883 220 948 193.
253 877 465 969 Εὑρίσκομεν
483 879 542 960 τὰς
562 878 626 947 δύο
641 880 743 966 μέσας
756 877 816 958 τδις
829 877 971 966 δυνάμει
986 879 1094 966 μόνον

80 987 300 1073 συμμέτρους,
324 984 428 1072 βητδν
452 984 489 1053 δέ
512 984 739 1073 περιεχούσας,
765 982 884 1066 οὕτως·
920 985 1095 1072 έιιθέμενοι

80 1091 144 1160 δύο
179 1090 280 1179 ῥητὰς
309 1090 392 1160 κατὰ
424 1089 484 1160 τὸν
515 1089 667 1178 τεχνικὸν
700 1089 843 1176 δυνάμει
876 1089 984 1178 μόνον
1013 1110 1094 1179 συμ·
1132 1112 1149 1161 σ

77 1200 220 1285 μέτρους
247 1199 309 1286 τήν
336 1224 371 1266 τε
398 1208 459 1266 τοῦ
487 1209 509 1283 η
541 1195 690 1282 πλευρὰν
721 1196 777 1264 καὶ
809 1195 872 1282 τὴν
899 1199 960 1264 τοῦ
983 1201 1016 1268 ξ·
1054 1196 1094 1265 τά

79 1301 164 1372 αὑτά
198 1304 262 1393 χδιρ
297 1309 447 1372 ἔστωσαν
475 1306 523 1382 είς
553 1305 803 1388 παραδείγματα
830 1301 870 1369 τὰ
898 1303 955 1370 καὶ
983 1303 1020 1370 έν
1049 1308 1094 1394 τῷ

81 1411 296 1497 προλαβόντι·
319 1409 368 1477 κε’
401 1410 574 1496 ληφθέντα
606 1407 812 1496 θεωρήματι·
849 1409 1094 1477 πολλαπλασιά-

83 1522 182 1601 ζομεν
210 1513 312 1597 αύτδις
339 1515 423 1602 πρὸς
450 1511 597 1600 ἀλλήλας
624 1513 762 1581 καὶτοῦ
785 1510 841 1581 ὑπ’
867 1511 980 1581 αὐτῶν
1003 1540 1094 1601 γινο-

81 1620 187 1706 μένου
209 1627 335 1709 χωρίου
363 1619 423 1708 τὴν
451 1617 698 1707 τετραγωνιιιὴυ
726 1617 874 1707 πλευράν
898 1620 1094 1705 ἐκβαλόντες
1114 1640 1147 1691 10

80 1733 199 1815 ἔχομεν
222 1730 327 1815 μέσην
351 1727 413 1814 τὴν
435 1718 457 1813 β
480 1717 518 1808 λζ
538 1731 592 1795 ιἰε·
628 1722 649 1812 ἡ
678 1724 743 1811 γὰρ
772 1727 942 1813 δυναμένη
965 1724 1003 1793 τὸ
1027 1724 1093 1794 ὑπὸ

82 1836 194 1922 βητάν
218 1833 359 1920 δυνάμει
384 1832 492 1920 μόνον
521 1832 718 1920 συμμέτρων
746 1831 983 1919 περιεχόμενον
1010 1833 1094 1918 μέση

80 1943 180 2009 ἐστίν.
217 1940 273 2007 καί
293 1930 362 2008 ἐπεὶ
381 1937 402 2026 ἡ
422 1942 483 2007 τοῦ
503 1949 524 2025 η
547 1936 673 2026 πλευρά
691 1938 774 2026 πρὸς
792 1935 854 2024 τὴν
872 1942 934 2006 τοῦ
951 1942 972 2009 ξ
990 1936 1095 2025 άσύμ-

79 2048 199 2133 μετρός
218 2047 286 2112 έστι
305 2044 412 2131 μήκει,
436 2047 599 2132 ποιοῦμεν
617 2044 673 2111 καὶ
694 2043 756 2129 τὴν
771 2041 969 2131 εὑρεθεῖσαν
989 2046 1095 2132 μέσην

79 2151 163 2234 πρὸς
181 2149 288 2236 άλλην
306 2147 380 2217 τινὰ
399 2149 458 2219 τὸν
477 2148 580 2220 αὑτὸν
600 2155 743 2237 ἔχουσαν
762 2148 877 2235 λόγον,
901 2147 942 2219 ὃν
959 2149 979 2238 ἡ
997 2155 1094 2237 τοῦτ’]
1113 2170 1147 2220 ιο

80 2257 207 2344 πλευρά
231 2254 315 2342 πρὸς
333 2255 395 2342 τὴν
413 2259 474 2324 τού
493 2261 521 2327 ξ.
557 2255 773 2342 λαμβάνομεν
793 2247 857 2323 οὖν
874 2256 1011 2343 πράτηυ
1031 2258 1093 2343 μὲν

78 2362 142 2450 τὴν
160 2366 221 2430 τοῦ
240 2373 262 2448 η’
281 2360 441 2448 πλευράν,
465 2362 626 2450 δευτέραν
645 2361 682 2430 δὲ
700 2361 763 2448 τὴν
780 2365 841 2429 τοῦ
861 2366 881 2432 ξ
903 2361 959 2429 καὶ
976 2371 1093 2450 τρίτην

78 2467 144 2556 τὴν
172 2465 372 2556 εὑρεθεῖσαν
399 2469 505 2553 μέσην
536 2469 591 2536 καὶ
623 2470 839 2554 ἐπιζητοῦμεν
865 2465 927 2554 τὴν
960 2469 1093 2556 λοιπήν,

78 2573 152 2661 ἥτις
175 2575 242 2642 έστλ
265 2575 412 2661 τετάρτη.
457 2575 512 2641 καὶ
540 2575 609 2642 ἐπεὶ
637 2572 675 2642 τδ
702 2571 769 2641 ὑπὸ
798 2576 856 2660 τῆς
878 2571 1009 2660 πράτης
1037 2575 1093 2642 καί

78 2683 233 2768 τετάρτης
261 2688 336 2748 ίσον
366 2681 434 2748 έστὶ
460 2683 506 2771 τῷ
535 2677 600 2747 ὑπὸ
628 2683 686 2766 τῆς
710 2680 868 2766 δευτέρας
892 2678 948 2744 καὶ
971 2684 1092 2766 τρίτης,
1111 2703 1146 2751 20

78 2784 410 2873 πολλαπλασιάζομεν
432 2783 496 2871 τὴν
519 2795 580 2852 τοῦ
602 2789 623 2857 ἒ
645 2783 792 2872 πλευράν
816 2782 896 2870 μετὰ
918 2788 977 2870 τῆς
1001 2782 1093 2873 εὑρε-

77 2898 197 2978 θείσης
229 2893 345 2977 μέσης,
382 2891 437 2957 καὶ
474 2887 512 2958 τὸ
550 2896 675 2978 χωρίον
706 2889 744 2957 τὸ
777 2888 958 2976 γινόμενον
990 2914 1092 2975 παρα·

78 2997 247 3085 βάλλομεν
270 2996 354 3083 πρὸς
367 2995 429 3082 τὴν
444 3001 543 3083 τούη
562 2993 710 3082 πλευρὰν
729 2995 785 3062 καὶ
798 2992 836 3062 τὸ
851 2991 1093 3082 εὑρισκόμενον

78 3103 202 3183 πλάτος
227 3113 391 3187 ποιοῦμεν
418 3100 595 3188 τετάρτην,
627 3100 700 3188 ἥτις
732 3101 821 3169 έστὶν
853 3098 873 3186 ἡ
909 3103 1092 3190 ζητουμένη

78 3212 161 3295 μέση
186 3200 272 3277 οὑσιι
291 3199 318 3294 β
340 3212 373 3277 ἶς’
395 3213 450 3295 μέ,
483 3208 566 3292 πρὸς
597 3204 640 3293 ἣν
669 3205 691 3294 ἡ
719 3204 897 3294 εὑρεθεῖσα
925 3206 1028 3295 λόγον
1056 3236 1091 3279 τε
1109 3232 1146 3281 νσ

78 3322 156 3402 ἔχει,
179 3311 221 3383 δν
240 3312 261 3399 ἡ
279 3326 377 3400 τοῦῆ
394 3314 521 3399 πλευρά
540 3312 625 3398 πρὸς
642 3312 704 3400 τὴν
722 3317 783 3380 τοῦ
798 3318 827 3399 ξ,
851 3313 907 3381 καὶ
921 3318 969 3382 ἔτι
989 3313 1092 3403 άσύμ·

76 3420 197 3509 μετρύς
220 3422 289 3488 ἐστι
312 3420 421 3508 μήκει·
444 3420 499 3488 καὶ
518 3418 603 3509 πρὸς
619 3418 751 3499 τούτοις
773 3420 829 3487 καὶ
846 3419 884 3488 τδ
905 3417 961 3488 ὑπ’
979 3418 1093 3489 αὐτῶν

77 3527 260 3615 γινόμενον
280 3525 465 3614 εὑρίσκεται
484 3524 638 3613 ὑπάρχον
655 3523 759 3613 βητδν
778 3526 835 3593 διὰ
853 3524 890 3595 τὸ
908 3533 984 3596 ίσον
1003 3523 1092 3595 εἶναι

152 3711 213 3760 193.
232 3701 273 3757 Vb
293 3706 354 3773 (τοῦ
373 3699 417 3771 κζ’
438 3703 635 3773 θεωρήματος)
654 3704 734 3773 (rq0).

78 3816 292 3826 --...-———-

148 3872 192 3921 20.
212 3864 315 3935 τρίτης]
335 3865 364 3918 in
383 3879 436 3918 τοι.
454 3861 489 3917 V.
