2414 4236
218 486 373 539 SCHOLIA
391 489 428 538 m
447 488 723 575 pipifflmonpii
740 489 879 540 imnum
893 490 952 542 v11.
1031 486 1097 553 375
1191 476 1195 483 ’

82 633 150 692 λσοι
184 628 387 713 ἐδείχθησαν
418 642 490 708 τοῖς
517 635 604 712 ΑΛ,
628 635 708 714 ΛΕ,
739 629 796 696 καὶ
827 630 938 697 λοιποὶ
966 627 1031 717 άρα
1063 633 1098 698 ολ

81 738 173 816 MK,
197 739 265 800 ΝΘ
297 736 401 825 λοιπῷ
432 739 477 827 τῷ
507 741 569 801 ΕΒ
603 742 671 802 ἴσοι
704 739 800 817 εἰσίν.
853 732 912 804 ἐάν
940 734 1004 822 γάρ
1028 733 1095 803 άτιὸ

79 842 149 907 τῶν
172 847 256 906 ἴσων
280 848 335 907 λσα
359 838 494 928 άφέλης,
516 838 557 907 τά
580 840 841 928 καταλειπόμενα
861 849 917 909 ἴσα
935 839 1094 928 άλλήλοις

80 949 153 1013 εἰσί.
198 943 317 1014 καὶτὰ
341 944 440 1013 λοιπά
465 950 560 1033 δῆλα.

457 1126 512 1190 Ad
536 1149 640 1212 prop.
664 1126 720 1193 IX.
1130 1149 1147 1198 σ

146 1249 198 1316 35.
231 1245 330 1331 Ὥστε
361 1245 464 1316 καλ“
446 1275 464 1316 ο
492 1248 591 1335 μέρος
618 1245 753 1316 ἐστὶν
739 1275 757 1316 ο
786 1255 859 1316 ΒΗ
888 1252 948 1317 τοῦ
976 1245 1092 1317 ΕΘ“
1070 1277 1091 1337 η

79 1354 216 1440 μέρημ.
239 1357 319 1438 212,
342 1351 424 1438 4]‘'
404 1380 456 1422 οτι
480 1351 555 1422 δέ’
542 1382 560 1422 ο
584 1361 657 1422 ΒΗ
676 1356 819 1424 ἐλάττων
843 1355 912 1423 ἐστὶ
934 1364 996 1424 τοῦ
1018 1362 1092 1441 ΕΘ,

79 1461 185 1545 δῆλον
218 1461 254 1526 ἐκ
280 1464 343 1528 τοῦ
370 1460 419 1528 ιδ’
450 1464 512 1529 τοῦ
543 1462 584 1529 ε’·
622 1459 682 1529 ἐὰν
714 1459 779 1549 γὰρ
807 1459 866 1530 τὸν
895 1471 928 1530 Α
958 1466 1092 1550 πρῶτον

78 1563 241 1651 θήσομεν,
266 1565 424 1655 δεύτερον
447 1566 508 1635 τὸν
532 1574 616 1651 ΒΗ,
643 1573 756 1653 τρίτον
779 1567 841 1636 τὸν
864 1576 912 1653 Δ,
934 1569 1093 1655 τέταρτον

76 1669 138 1738 τὸν
153 1680 225 1757 ΕΘ,
250 1674 319 1740 ἐπεὶ
338 1675 376 1741 ἐν
395 1678 439 1765 τῶ
460 1663 656 1766 αὐτῷ’λόγῳ
671 1678 769 1760 εἰσίν,
792 1679 861 1743 ἐστι
877 1674 914 1743 δὲ
929 1673 947 1742 ὁ
961 1678 1092 1762 πρῶτος
1111 1696 1145 1745 1ο

76 1780 138 1844 τοῦ
159 1783 275 1865 τρίτου
299 1778 463 1847 ἐλάσσων·
493 1776 639 1867 ὑπετέθη
663 1782 741 1867 γάρ·
770 1781 826 1849 καὶ
851 1777 869 1849 ὁ
893 1781 1048 1869 δεύτερος
1071 1779 1089 1850 ὁ

77 1889 150 1949 ΒΗ
169 1882 297 1971 δηλαδὴ
316 1884 476 1972 τετάρτου
493 1896 555 1953 τοῦ
576 1892 639 1952 ΕΘ
661 1885 813 1954 ἐλάσσων
833 1891 933 1954 ἔσται.
969 1891 1032 1967 πᾶς
1052 1888 1090 1955 δὲ

76 1985 223 2075 ἀριθμὸς
249 1990 374 2070 παντὸς
402 1989 595 2077 άρυθμοῦ’
581 2019 599 2060 ο
628 1990 774 2060 ἐλάττων
800 1994 861 2058 τοῦ
889 1988 1088 2078 μείζονος’“
1067 2020 1088 2079 η

77 2095 177 2179 μέρος
200 2096 304 2164 ἐστὶν
314 2091 436 2184 ἢμέρη
462 2095 517 2165 διά
541 2094 578 2164 τό
603 2096 638 2164 θ’
661 2095 787 2177 τοῦζῖ
873 2183 876 2187 .

463 2276 517 2340 Ad
541 2296 643 2361 prop.
667 2274 706 2340 X.
1110 2298 1143 2348 15

144 2398 195 2463 36.
232 2399 392 2483 Νοοῶμεν
424 2395 464 2465 τά
498 2395 582 2479 αὐτά
610 2399 693 2484 μέρη
721 2394 759 2465 τὸ
788 2395 850 2483 μὲν
873 2400 1004 2484 πλῆθος
1027 2400 1088 2464 τοῦ

74 2505 182 2569 ποσοῦ
205 2511 273 2570 τῶν
297 2505 408 2589 μερῶν
432 2511 525 2587 ἴσον,
552 2501 615 2590 τὴν
640 2502 678 2571 δὲ
700 2502 861 2588 ποιότητα
884 2506 952 2570 τῶν
975 2505 1088 2595 μερῶν

74 2604 135 2692 ἀφ’
161 2608 319 2693 ἑκατέρου
351 2612 474 2696 μέρους
501 2613 569 2677 τῶν
598 2610 794 2678 ἐλασσόνων
822 2605 980 2696 άριθμῶν
1013 2606 1088 2688 ἑνὸς

73 2714 196 2799 μέρους
214 2711 297 2800 πρὸς
320 2717 357 2782 ἓν
377 2716 410 2796 ἐξ
429 2712 578 2801 ἀνάγκης
595 2714 657 2801 την
672 2713 778 2802 αὐτὴν
796 2711 895 2800 εἶναι,
919 2715 1086 2801 ἐνδέχεται

74 2818 111 2884 cii
144 2821 195 2888 ἐν,
212 2825 342 2888 πλείοσι
370 2822 484 2908 μέρεσι
510 2825 579 2889 τῶν
607 2818 800 2888 ἐλασσόνων
832 2818 990 2908 ἀριθμῶν
1022 2817 1084 2906 τὴν
1103 2846 1138 2895 20

71 2922 233 3010 ποιότητα
256 2926 311 2993 καὶ
335 2924 397 3012 τὴν
420 2924 529 3012 αὐτὴν
554 2924 719 2994 εἶναικαὶ
744 2923 789 2995 οὐ
806 2925 868 3013 τὴν
887 2922 1006 3013 αὐτήν,
1030 2923 1084 2995 ὅτε

72 3030 137 3097 εἰσὶ
160 3031 242 3119 μέρη
267 3035 302 3100 οἱ
324 3031 503 3112 ἐλάσσονες
526 3030 668 3160 ἀριθμοὶ
690 3037 760 3101 τῶν
784 3033 956 3119 μειζόνων.

139 3138 191 3204 37.
224 3135 351 3224 Ὀρθῶς
374 3136 567 3224 πρόσκειται
588 3138 627 3207 τὸ
650 3133 793 3226 μέρος”
772 3165 793 3224 η
813 3140 907 3226 μέρη·
937 3136 1105 3208 δυνατόν.

70 3239 135 3329 γάρ
158 3241 218 3310 τὸν
242 3242 304 3329 μὲν
326 3247 460 3330 πρῶτον
483 3270 545 3311 τον
529 3247 723 3332 δευτέρου
741 3244 825 3333 μέρη
845 3241 932 3314 εἶναι
949 3245 1057 3313 καλ
1024 3255 1083 3315 τὀν

80 3361 284 3372 --—---——.

142 3405 184 3455 36
205 3400 252 3457 V¹.
325 3408 368 3458 ³6.
387 3401 540 3471 v·³;A(b)
559 3399 670 3472 σηόλιον
690 3400 776 3466 εἰς
747 3424 810 3460 τοι
815 3400 882 3472 V,
901 3402 1012 3473 σκόλιον
1031 3407 1082 3460 τοῦ

69 3468 157 3525 osuit
158 3472 243 3526 ουΑ.
317 3479 360 3529 37.
378 3474 410 3531 Ρ.
466 3530 471 3539 ,

49 3625 54 3634 ·
143 3619 246 3668 stim
208 3615 264 3667 τῶν
234 3614 457 3754 μερῶυὶτου
476 3588 580 3686 μερἾ.
657 3616 713 3670 τῶν
731 3616 837 3687 μερῶν]
858 3615 966 3674 0m.V.
1041 3623 1081 3674 18.

68 3677 139 3767 άφ’]
159 3703 209 3739 του
224 3680 287 3755 άμφ
316 3686 341 3742 V
402 3704 433 3742 oo
453 3693 528 3745 certe
545 3688 658 3754 saluum,
677 3687 726 3743 sed
745 3704 781 3743 ne
800 3687 904 3744 oodicis
923 3688 949 3742 A
968 3688 1082 3776 quidem

69 3755 208 3823 scn'ptura
231 3757 364 3842 intelligi
373 3761 478 3828 potest.
538 3764 583 3814 20.
601 3757 647 3829 δέ]
667 3773 721 3814 om
740 3756 774 3813 V.
844 3764 887 3814 21.
905 3755 958 3828 τὴν
977 3754 1083 3833 αὐτήν]

69 3825 200 3894 (utroque
218 3825 293 3897 loco)
312 3824 419 3898 ταύτην
436 3828 470 3900 V,
490 3823 652 3902 ταυτην
616 3828 652 3885 A
