<?xml version="1.0" encoding="UTF-8"?>
<!DOCTYPE html PUBLIC "-//W3C//DTD XHTML 1.0 Transitional//EN"
    "http://www.w3.org/TR/xhtml1/DTD/xhtml1-transitional.dtd">
<html xmlns="http://www.w3.org/1999/xhtml" xml:lang="en" lang="en">
 <head>
  <title>
</title>
<meta http-equiv="Content-Type" content="text/html;charset=utf-8" />
  <meta name='ocr-system' content='tesseract 3.04.00' />
  <meta name='ocr-capabilities' content='ocr_page ocr_carea ocr_par ocr_line ocrx_word'/>
</head>
<body>
  <div class='ocr_page' id='page_1' title='image "./euclidisoperaom10unkngoog_0815.png"; bbox 0 0 2424 4320; ppageno 0'>
   <div class='ocr_carea' id='block_1_1' title="bbox 134 456 879 522">
    <p class='ocr_par' dir='ltr' id='par_1_1' title="bbox 134 456 879 522">
     <span class='ocr_line' id='line_1_1' title="bbox 134 456 879 522; baseline -0.013 0"><span class='ocrx_word' id='word_1_1' title='bbox 134 456 199 522; x_wconf 86' lang='lat'><strong><em>684</em></strong></span> <span class='ocrx_word' id='word_1_2' title='bbox 406 456 588 510; x_wconf 67' lang='lat' dir='ltr'><strong>mnumx</strong></span> <span class='ocrx_word' id='word_1_3' title='bbox 607 456 843 508; x_wconf 76' lang='lat' dir='ltr'>scnomomm</span> <span class='ocrx_word' id='word_1_4' title='bbox 857 457 879 511; x_wconf 88' lang='lat'><strong><em>1.</em></strong></span> 
     </span>
    </p>
   </div>
   <div class='ocr_carea' id='block_1_2' title="bbox 98 593 1156 1427">
    <p class='ocr_par' dir='ltr' id='par_1_2' title="bbox 98 593 1156 1427">
     <span class='ocr_line' id='line_1_2' title="bbox 132 593 1153 685; baseline -0.002 -19"><span class='ocrx_word' id='word_1_5' title='bbox 132 603 191 685; x_wconf 77' lang='grc' dir='ltr'><strong><em>τῆς</em></strong></span> <span class='ocrx_word' id='word_1_6' title='bbox 209 595 454 683; x_wconf 78' lang='grc' dir='ltr'><strong><em>ὑποτεινούσης</em></strong></span> <span class='ocrx_word' id='word_1_7' title='bbox 471 593 534 682; x_wconf 77' lang='grc' dir='ltr'><strong><em>τὴν</em></strong></span> <span class='ocrx_word' id='word_1_8' title='bbox 551 599 614 664; x_wconf 83' lang='grc' dir='ltr'><strong><em>τοῦ</em></strong></span> <span class='ocrx_word' id='word_1_9' title='bbox 630 594 850 682; x_wconf 74' lang='grc' dir='ltr'><strong><em>πενταγώνου</em></strong></span> <span class='ocrx_word' id='word_1_10' title='bbox 867 600 996 684; x_wconf 79' lang='grc' dir='ltr'><strong><em>γωνίαν</em></strong></span> <span class='ocrx_word' id='word_1_11' title='bbox 1014 596 1071 664; x_wconf 81' lang='grc' dir='ltr'><strong><em>καὶ</em></strong></span> <span class='ocrx_word' id='word_1_12' title='bbox 1089 600 1153 683; x_wconf 79' lang='grc' dir='ltr'><strong><em>τῆς</em></strong></span> 
     </span>
     <span class='ocr_line' id='line_1_3' title="bbox 132 700 1154 791; baseline -0.003 -18"><span class='ocrx_word' id='word_1_13' title='bbox 132 709 278 791; x_wconf 87' lang='grc' dir='ltr'><strong><em>πλευράς</em></strong></span> <span class='ocrx_word' id='word_1_14' title='bbox 305 707 368 772; x_wconf 82' lang='grc' dir='ltr'><strong><em>τοῦ</em></strong></span> <span class='ocrx_word' id='word_1_15' title='bbox 395 701 613 788; x_wconf 78' lang='grc' dir='ltr'><strong><em>πενταγώνου</em></strong></span> <span class='ocrx_word' id='word_1_16' title='bbox 640 705 888 771; x_wconf 84' lang='grc' dir='ltr'><strong><em>πενταπλάσιον</em></strong></span> <span class='ocrx_word' id='word_1_17' title='bbox 914 713 975 772; x_wconf 87' lang='grc' dir='ltr'><strong><em>τοῦ</em></strong></span> <span class='ocrx_word' id='word_1_18' title='bbox 999 700 1067 772; x_wconf 89' lang='grc' dir='ltr'><strong><em>άπὸ</em></strong></span> <span class='ocrx_word' id='word_1_19' title='bbox 1090 707 1154 789; x_wconf 78' lang='grc' dir='ltr'><strong><em>τῆς</em></strong></span> 
     </span>
     <span class='ocr_line' id='line_1_4' title="bbox 134 801 1155 898; baseline -0.004 -18"><span class='ocrx_word' id='word_1_20' title='bbox 134 814 170 880; x_wconf 80' lang='grc' dir='ltr'><strong><em>ἐκ</em></strong></span> <span class='ocrx_word' id='word_1_21' title='bbox 191 816 253 879; x_wconf 84' lang='grc' dir='ltr'><strong><em>τοῦ</em></strong></span> <span class='ocrx_word' id='word_1_22' title='bbox 275 813 418 897; x_wconf 84' lang='grc' dir='ltr'><strong><em>κέντρου</em></strong></span> <span class='ocrx_word' id='word_1_23' title='bbox 439 813 501 877; x_wconf 84' lang='grc' dir='ltr'><strong><em>τοῦ</em></strong></span> <span class='ocrx_word' id='word_1_24' title='bbox 524 806 666 894; x_wconf 83' lang='grc' dir='ltr'><strong><em>κύκλου,</em></strong></span> <span class='ocrx_word' id='word_1_25' title='bbox 695 801 722 898; x_wconf 72' lang='lat'><strong><em>95</em></strong></span> <span class='ocrx_word' id='word_1_26' title='bbox 746 809 947 897; x_wconf 80' lang='grc' dir='ltr'><strong><em>ἐγγράφεται</em></strong></span> <span class='ocrx_word' id='word_1_27' title='bbox 968 807 1006 878; x_wconf 89' lang='grc' dir='ltr'><strong><em>τὸ</em></strong></span> <span class='ocrx_word' id='word_1_28' title='bbox 1029 810 1155 877; x_wconf 86' lang='grc' dir='ltr'><strong><em>πευτά·</em></strong></span> 
     </span>
     <span class='ocr_line' id='line_1_5' title="bbox 133 914 1155 1004; baseline -0.001 -19"><span class='ocrx_word' id='word_1_29' title='bbox 133 939 261 1002; x_wconf 82' lang='grc' dir='ltr'><strong><em>γφνον·</em></strong></span> <span class='ocrx_word' id='word_1_30' title='bbox 298 915 319 1004; x_wconf 82' lang='grc' dir='ltr'><em>ἡ</em></span> <span class='ocrx_word' id='word_1_31' title='bbox 348 916 412 1004; x_wconf 84' lang='grc' dir='ltr'><strong><em>γάρ</em></strong></span> <span class='ocrx_word' id='word_1_32' title='bbox 440 919 501 984; x_wconf 83' lang='grc' dir='ltr'><strong><em>τοῦ</em></strong></span> <span class='ocrx_word' id='word_1_33' title='bbox 528 914 748 1001; x_wconf 75' lang='grc' dir='ltr'><strong><em>πενταγώνου</em></strong></span> <span class='ocrx_word' id='word_1_34' title='bbox 769 914 898 1001; x_wconf 81' lang='grc' dir='ltr'><strong><em>πλευρά</em></strong></span> <span class='ocrx_word' id='word_1_35' title='bbox 922 916 1064 985; x_wconf 80' lang='grc' dir='ltr'><strong><em>δύναται</em></strong></span> <span class='ocrx_word' id='word_1_36' title='bbox 1088 915 1155 1003; x_wconf 81' lang='grc' dir='ltr'><strong><em>τὴν</em></strong></span> 
     </span>
     <span class='ocr_line' id='line_1_6' title="bbox 98 1018 1156 1109; baseline -0.002 -16"><span class='ocrx_word' id='word_1_37' title='bbox 98 1028 194 1094; x_wconf 77' lang='grc' dir='ltr'><strong><em>οτοῦ</em></strong></span> <span class='ocrx_word' id='word_1_38' title='bbox 219 1023 391 1109; x_wconf 83' lang='grc' dir='ltr'><strong><em>ἑξαγώνου</em></strong></span> <span class='ocrx_word' id='word_1_39' title='bbox 417 1023 473 1089; x_wconf 86' lang='grc' dir='ltr'><strong><em>καλ</em></strong></span> <span class='ocrx_word' id='word_1_40' title='bbox 495 1024 557 1090; x_wconf 85' lang='grc' dir='ltr'><strong><em>τοῦ</em></strong></span> <span class='ocrx_word' id='word_1_41' title='bbox 581 1020 792 1106; x_wconf 82' lang='grc' dir='ltr'><strong><em>δεκαγώνου,</em></strong></span> <span class='ocrx_word' id='word_1_42' title='bbox 820 1018 866 1101; x_wconf 88' lang='grc' dir='ltr'><strong><em>ώς</em></strong></span> <span class='ocrx_word' id='word_1_43' title='bbox 893 1030 1035 1109; x_wconf 74' lang='grc' dir='ltr'><strong><em>εἴρηται·</em></strong></span> <span class='ocrx_word' id='word_1_44' title='bbox 1073 1031 1156 1091; x_wconf 76' lang='grc' dir='ltr'><strong><em>ἴσον</em></strong></span> 
     </span>
     <span class='ocr_line' id='line_1_7' title="bbox 134 1125 1156 1214; baseline 0.001 -18"><span class='ocrx_word' id='word_1_45' title='bbox 134 1134 225 1197; x_wconf 81' lang='grc' dir='ltr'><strong><em>ἔσται</em></strong></span> <span class='ocrx_word' id='word_1_46' title='bbox 248 1129 286 1197; x_wconf 88' lang='grc' dir='ltr'><strong><em>τὸ</em></strong></span> <span class='ocrx_word' id='word_1_47' title='bbox 309 1127 374 1197; x_wconf 87' lang='grc' dir='ltr'><strong><em>άπὸ</em></strong></span> <span class='ocrx_word' id='word_1_48' title='bbox 398 1131 456 1214; x_wconf 82' lang='grc' dir='ltr'><strong><em>τῆς</em></strong></span> <span class='ocrx_word' id='word_1_49' title='bbox 474 1133 540 1193; x_wconf 87' lang='grc' dir='ltr'><strong><em>ΑΒ</em></strong></span> <span class='ocrx_word' id='word_1_50' title='bbox 562 1125 681 1194; x_wconf 81' lang='grc' dir='ltr'><strong><em>καὶτὰ</em></strong></span> <span class='ocrx_word' id='word_1_51' title='bbox 706 1125 773 1195; x_wconf 88' lang='grc' dir='ltr'><strong><em>άπὸ</em></strong></span> <span class='ocrx_word' id='word_1_52' title='bbox 790 1130 860 1195; x_wconf 85' lang='grc' dir='ltr'><strong><em>τών</em></strong></span> <span class='ocrx_word' id='word_1_53' title='bbox 881 1134 963 1213; x_wconf 85' lang='grc' dir='ltr'><strong><em>ΔΗ,</em></strong></span> <span class='ocrx_word' id='word_1_54' title='bbox 976 1133 1063 1196; x_wconf 89' lang='grc' dir='ltr'><strong><em>ΗΓ·</em></strong></span> <span class='ocrx_word' id='word_1_55' title='bbox 1089 1133 1156 1197; x_wconf 84' lang='grc' dir='ltr'><strong><em>τοῦ</em></strong></span> 
     </span>
     <span class='ocr_line' id='line_1_8' title="bbox 133 1231 1155 1322; baseline 0.001 -20"><span class='ocrx_word' id='word_1_56' title='bbox 133 1234 199 1322; x_wconf 84' lang='grc' dir='ltr'><strong><em>γάρ</em></strong></span> <span class='ocrx_word' id='word_1_57' title='bbox 227 1232 293 1303; x_wconf 88' lang='grc' dir='ltr'><strong><em>άπὸ</em></strong></span> <span class='ocrx_word' id='word_1_58' title='bbox 321 1239 380 1321; x_wconf 83' lang='grc' dir='ltr'><strong><em>τῆς</em></strong></span> <span class='ocrx_word' id='word_1_59' title='bbox 408 1239 491 1301; x_wconf 89' lang='grc' dir='ltr'><strong><em>ΜΝ</em></strong></span> <span class='ocrx_word' id='word_1_60' title='bbox 513 1231 762 1301; x_wconf 79' lang='grc' dir='ltr'><strong><em>πενταπλάσιον</em></strong></span> <span class='ocrx_word' id='word_1_61' title='bbox 788 1231 925 1301; x_wconf 82' lang='grc' dir='ltr'><strong><em>κάκεῑνο</em></strong></span> <span class='ocrx_word' id='word_1_62' title='bbox 952 1234 1008 1302; x_wconf 85' lang='grc' dir='ltr'><strong><em>καλ</em></strong></span> <span class='ocrx_word' id='word_1_63' title='bbox 1034 1239 1155 1303; x_wconf 86' lang='grc' dir='ltr'><strong><em>ταῦτα.</em></strong></span> 
     </span>
     <span class='ocr_line' id='line_1_9' title="bbox 135 1336 1155 1427; baseline 0 -19"><span class='ocrx_word' id='word_1_64' title='bbox 135 1338 219 1408; x_wconf 76' lang='grc' dir='ltr'><strong><em>ὥστε</em></strong></span> <span class='ocrx_word' id='word_1_65' title='bbox 246 1340 303 1408; x_wconf 84' lang='grc' dir='ltr'><strong><em>καλ</em></strong></span> <span class='ocrx_word' id='word_1_66' title='bbox 330 1345 406 1424; x_wconf 84' lang='grc' dir='ltr'><strong><em>τρία</em></strong></span> <span class='ocrx_word' id='word_1_67' title='bbox 432 1337 474 1407; x_wconf 82' lang='grc' dir='ltr'><strong><em>τὰ</em></strong></span> <span class='ocrx_word' id='word_1_68' title='bbox 502 1336 568 1406; x_wconf 90' lang='grc' dir='ltr'><strong><em>άπὸ</em></strong></span> <span class='ocrx_word' id='word_1_69' title='bbox 596 1341 655 1424; x_wconf 82' lang='grc' dir='ltr'><strong><em>τῆς</em></strong></span> <span class='ocrx_word' id='word_1_70' title='bbox 676 1346 743 1406; x_wconf 89' lang='lat' dir='ltr'><strong><em>AB</em></strong></span> <span class='ocrx_word' id='word_1_71' title='bbox 774 1340 863 1427; x_wconf 81' lang='grc' dir='ltr'><strong><em>τρισὶ</em></strong></span> <span class='ocrx_word' id='word_1_72' title='bbox 889 1353 960 1420; x_wconf 74' lang='grc' dir='ltr'><strong><em>τοῖς</em></strong></span> <span class='ocrx_word' id='word_1_73' title='bbox 986 1338 1052 1408; x_wconf 88' lang='grc' dir='ltr'><strong><em>άπὸ</em></strong></span> <span class='ocrx_word' id='word_1_74' title='bbox 1081 1345 1155 1409; x_wconf 85' lang='grc' dir='ltr'><strong><em>τών</em></strong></span> 
     </span>
    </p>
   </div>
   <div class='ocr_carea' id='block_1_3' title="bbox 82 1442 1155 2170">
    <p class='ocr_par' dir='ltr' id='par_1_3' title="bbox 83 1442 1155 1744">
     <span class='ocr_line' id='line_1_10' title="bbox 134 1442 1153 1533; baseline 0.002 -20"><span class='ocrx_word' id='word_1_75' title='bbox 134 1454 218 1533; x_wconf 88' lang='grc' dir='ltr'><strong><em>ΔΗ,</em></strong></span> <span class='ocrx_word' id='word_1_76' title='bbox 241 1453 314 1515; x_wconf 89' lang='grc' dir='ltr'><strong><em>ΗΓ</em></strong></span> <span class='ocrx_word' id='word_1_77' title='bbox 337 1454 402 1514; x_wconf 74' lang='grc' dir='ltr'><strong><em>ἴσα.</em></strong></span> <span class='ocrx_word' id='word_1_78' title='bbox 446 1445 535 1532; x_wconf 78' lang='grc' dir='ltr'><strong><em>τρισὶ</em></strong></span> <span class='ocrx_word' id='word_1_79' title='bbox 563 1442 601 1512; x_wconf 71' lang='grc' dir='ltr'><strong><em>δέ</em></strong></span> <span class='ocrx_word' id='word_1_80' title='bbox 626 1457 697 1523; x_wconf 75' lang='grc' dir='ltr'><strong><em>τοῖς</em></strong></span> <span class='ocrx_word' id='word_1_81' title='bbox 718 1443 785 1513; x_wconf 89' lang='grc' dir='ltr'><strong><em>άπὸ</em></strong></span> <span class='ocrx_word' id='word_1_82' title='bbox 809 1448 867 1531; x_wconf 80' lang='grc' dir='ltr'><strong><em>της</em></strong></span> <span class='ocrx_word' id='word_1_83' title='bbox 889 1454 955 1514; x_wconf 85' lang='lat' dir='ltr'><strong><em>AB</em></strong></span> <span class='ocrx_word' id='word_1_84' title='bbox 982 1447 1082 1515; x_wconf 81' lang='grc' dir='ltr'><strong><em>πέντε</em></strong></span> <span class='ocrx_word' id='word_1_85' title='bbox 1110 1451 1153 1515; x_wconf 82' lang='grc' dir='ltr'><strong><em>τά</em></strong></span> 
     </span>
     <span class='ocr_line' id='line_1_11' title="bbox 83 1547 1155 1640; baseline 0.001 -19"><span class='ocrx_word' id='word_1_86' title='bbox 83 1574 115 1623; x_wconf 93' lang='lat'><strong><em>10</em></strong></span> <span class='ocrx_word' id='word_1_87' title='bbox 134 1550 199 1621; x_wconf 86' lang='grc' dir='ltr'><strong><em>άπὸ</em></strong></span> <span class='ocrx_word' id='word_1_88' title='bbox 222 1557 281 1639; x_wconf 82' lang='grc' dir='ltr'><strong><em>της</em></strong></span> <span class='ocrx_word' id='word_1_89' title='bbox 302 1558 373 1620; x_wconf 84' lang='grc' dir='ltr'><strong><em>ΚΛ</em></strong></span> <span class='ocrx_word' id='word_1_90' title='bbox 400 1561 469 1619; x_wconf 77' lang='grc' dir='ltr'><strong><em>ἴσα·</em></strong></span> <span class='ocrx_word' id='word_1_91' title='bbox 506 1551 602 1618; x_wconf 90' lang='grc' dir='ltr'><strong><em>πέντε</em></strong></span> <span class='ocrx_word' id='word_1_92' title='bbox 631 1547 697 1635; x_wconf 84' lang='grc' dir='ltr'><strong><em>άρα</em></strong></span> <span class='ocrx_word' id='word_1_93' title='bbox 723 1549 764 1619; x_wconf 82' lang='grc' dir='ltr'><strong><em>τὰ</em></strong></span> <span class='ocrx_word' id='word_1_94' title='bbox 793 1548 860 1619; x_wconf 88' lang='grc' dir='ltr'><strong><em>άπὸ</em></strong></span> <span class='ocrx_word' id='word_1_95' title='bbox 883 1556 942 1638; x_wconf 80' lang='grc' dir='ltr'><strong><em>τῆς</em></strong></span> <span class='ocrx_word' id='word_1_96' title='bbox 963 1558 998 1620; x_wconf 86' lang='lat' dir='ltr'><em>K</em></span> <span class='ocrx_word' id='word_1_97' title='bbox 1003 1560 1034 1620; x_wconf 88' lang='grc' dir='ltr'><em>Λ</em></span> <span class='ocrx_word' id='word_1_98' title='bbox 1061 1554 1155 1640; x_wconf 78' lang='grc' dir='ltr'><strong><em>τρισλ</em></strong></span> 
     </span>
     <span class='ocr_line' id='line_1_12' title="bbox 133 1655 1076 1744; baseline 0.001 -18"><span class='ocrx_word' id='word_1_99' title='bbox 133 1673 204 1739; x_wconf 81' lang='grc' dir='ltr'><strong><em>τοϊς</em></strong></span> <span class='ocrx_word' id='word_1_100' title='bbox 226 1658 291 1728; x_wconf 87' lang='grc' dir='ltr'><strong><em>άπὸ</em></strong></span> <span class='ocrx_word' id='word_1_101' title='bbox 315 1669 383 1727; x_wconf 86' lang='grc' dir='ltr'><strong><em>τών</em></strong></span> <span class='ocrx_word' id='word_1_102' title='bbox 407 1664 491 1741; x_wconf 86' lang='grc' dir='ltr'><strong><em>ΔΗ,</em></strong></span> <span class='ocrx_word' id='word_1_103' title='bbox 513 1663 585 1724; x_wconf 88' lang='grc' dir='ltr'><strong><em>ΗΓ</em></strong></span> <span class='ocrx_word' id='word_1_104' title='bbox 605 1664 669 1724; x_wconf 74' lang='grc' dir='ltr'><strong><em>ἴσα.</em></strong></span> <span class='ocrx_word' id='word_1_105' title='bbox 714 1655 833 1725; x_wconf 80' lang='grc' dir='ltr'><strong><em>καὶτὰ</em></strong></span> <span class='ocrx_word' id='word_1_106' title='bbox 856 1657 956 1727; x_wconf 82' lang='grc' dir='ltr'><strong><em>λοιπά</em></strong></span> <span class='ocrx_word' id='word_1_107' title='bbox 980 1662 1076 1744; x_wconf 79' lang='grc' dir='ltr'><strong><em>δῆλα.</em></strong></span> 
     </span>
    </p>

    <p class='ocr_par' dir='ltr' id='par_1_4' title="bbox 133 1760 1154 2063">
     <span class='ocr_line' id='line_1_13' title="bbox 203 1760 1154 1851; baseline 0.002 -19"><span class='ocrx_word' id='word_1_108' title='bbox 203 1769 254 1832; x_wconf 75' lang='grc'><strong><em>17.</em></strong></span> <span class='ocrx_word' id='word_1_109' title='bbox 280 1763 326 1831; x_wconf 89' lang='grc' dir='ltr'><strong><em>Τὸ</em></strong></span> <span class='ocrx_word' id='word_1_110' title='bbox 340 1763 406 1851; x_wconf 84' lang='grc' dir='ltr'><strong><em>γάρ</em></strong></span> <span class='ocrx_word' id='word_1_111' title='bbox 421 1760 771 1849; x_wconf 88' lang='grc' dir='ltr'><strong><em>παραλληλόγραμμον</em></strong></span> <span class='ocrx_word' id='word_1_112' title='bbox 784 1761 822 1832; x_wconf 85' lang='grc' dir='ltr'><strong><em>τὸ</em></strong></span> <span class='ocrx_word' id='word_1_113' title='bbox 836 1760 903 1833; x_wconf 81' lang='grc' dir='ltr'><strong><em>ὑπὸ</em></strong></span> <span class='ocrx_word' id='word_1_114' title='bbox 917 1776 988 1833; x_wconf 82' lang='grc' dir='ltr'><strong><em>τών</em></strong></span> <span class='ocrx_word' id='word_1_115' title='bbox 998 1771 1073 1851; x_wconf 87' lang='grc' dir='ltr'><strong><em>ΓΔ,</em></strong></span> <span class='ocrx_word' id='word_1_116' title='bbox 1084 1773 1154 1834; x_wconf 93' lang='grc' dir='ltr'><strong><em>ΗΖ</em></strong></span> 
     </span>
     <span class='ocr_line' id='line_1_14' title="bbox 135 1867 1153 1958; baseline 0.002 -20"><span class='ocrx_word' id='word_1_117' title='bbox 135 1871 314 1939; x_wconf 87' lang='grc' dir='ltr'><strong><em>διπλάσιον</em></strong></span> <span class='ocrx_word' id='word_1_118' title='bbox 336 1874 398 1938; x_wconf 81' lang='grc' dir='ltr'><strong><em>τοῦ</em></strong></span> <span class='ocrx_word' id='word_1_119' title='bbox 424 1875 522 1937; x_wconf 89' lang='grc' dir='ltr'><strong><em>ΓΖΔ</em></strong></span> <span class='ocrx_word' id='word_1_120' title='bbox 543 1867 727 1954; x_wconf 82' lang='grc' dir='ltr'><strong><em>τριγώνου·</em></strong></span> <span class='ocrx_word' id='word_1_121' title='bbox 764 1869 881 1939; x_wconf 81' lang='grc' dir='ltr'><strong><em>καὶτὸ</em></strong></span> <span class='ocrx_word' id='word_1_122' title='bbox 904 1873 1062 1951; x_wconf 87' lang='grc' dir='ltr'><strong><em>πεντάκις</em></strong></span> <span class='ocrx_word' id='word_1_123' title='bbox 1085 1870 1153 1958; x_wconf 87' lang='grc' dir='ltr'><strong><em>άρα</em></strong></span> 
     </span>
     <span class='ocr_line' id='line_1_15' title="bbox 133 1973 1152 2063; baseline 0.001 -18"><span class='ocrx_word' id='word_1_124' title='bbox 133 1975 200 2045; x_wconf 73' lang='grc' dir='ltr'><strong><em>ὑῖιὸ</em></strong></span> <span class='ocrx_word' id='word_1_125' title='bbox 223 1981 292 2045; x_wconf 83' lang='grc' dir='ltr'><strong><em>τών</em></strong></span> <span class='ocrx_word' id='word_1_126' title='bbox 315 1982 389 2058; x_wconf 86' lang='grc' dir='ltr'><strong><em>ΓΔ,</em></strong></span> <span class='ocrx_word' id='word_1_127' title='bbox 412 1982 480 2043; x_wconf 88' lang='grc' dir='ltr'><strong><em>ΗΖ</em></strong></span> <span class='ocrx_word' id='word_1_128' title='bbox 504 1983 580 2042; x_wconf 76' lang='grc' dir='ltr'><strong><em>ἴσον</em></strong></span> <span class='ocrx_word' id='word_1_129' title='bbox 603 1973 781 2060; x_wconf 82' lang='grc' dir='ltr'><strong><em>τριγώνοις</em></strong></span> <span class='ocrx_word' id='word_1_130' title='bbox 804 1977 884 2044; x_wconf 87' lang='grc' dir='ltr'><strong><em>δέκα</em></strong></span> <span class='ocrx_word' id='word_1_131' title='bbox 907 1980 944 2045; x_wconf 84' lang='grc' dir='ltr'><strong><em>έν</em></strong></span> <span class='ocrx_word' id='word_1_132' title='bbox 968 1978 1046 2045; x_wconf 80' lang='grc' dir='ltr'><strong><em>δυσὶ</em></strong></span> <span class='ocrx_word' id='word_1_133' title='bbox 1071 2005 1152 2063; x_wconf 86' lang='grc' dir='ltr'><strong><em>γρα-</em></strong></span> 
     </span>
    </p>

    <p class='ocr_par' dir='ltr' id='par_1_5' title="bbox 82 2074 1152 2170">
     <span class='ocr_line' id='line_1_16' title="bbox 82 2074 1152 2170; baseline 0.001 -18"><span class='ocrx_word' id='word_1_134' title='bbox 82 2104 115 2152; x_wconf 77' lang='lat'><strong><em>16</em></strong></span> <span class='ocrx_word' id='word_1_135' title='bbox 134 2084 296 2170; x_wconf 81' lang='grc' dir='ltr'><strong><em>φαμένοις</em></strong></span> <span class='ocrx_word' id='word_1_136' title='bbox 318 2080 552 2166; x_wconf 89' lang='grc' dir='ltr'><strong><em>πενταγώνοις.</em></strong></span> <span class='ocrx_word' id='word_1_137' title='bbox 597 2077 637 2146; x_wconf 80' lang='grc' dir='ltr'><strong><em>τὰ</em></strong></span> <span class='ocrx_word' id='word_1_138' title='bbox 661 2077 723 2148; x_wconf 81' lang='grc' dir='ltr'><strong><em>ὅλα</em></strong></span> <span class='ocrx_word' id='word_1_139' title='bbox 748 2074 811 2149; x_wconf 84' lang='grc' dir='ltr'><strong><em>οὖν</em></strong></span> <span class='ocrx_word' id='word_1_140' title='bbox 835 2081 944 2163; x_wconf 80' lang='grc' dir='ltr'><strong><em>ἑξάκις</em></strong></span> <span class='ocrx_word' id='word_1_141' title='bbox 966 2082 1007 2150; x_wconf 92' lang='grc' dir='ltr'><strong><em>τά</em></strong></span> <span class='ocrx_word' id='word_1_142' title='bbox 1030 2110 1066 2151; x_wconf 88' lang='grc' dir='ltr'><strong><em>τε</em></strong></span> <span class='ocrx_word' id='word_1_143' title='bbox 1088 2085 1152 2153; x_wconf 84' lang='grc' dir='ltr'><strong><em>δύο</em></strong></span> 
     </span>
    </p>
   </div>
   <div class='ocr_carea' id='block_1_4' title="bbox 79 2185 1154 3550">
    <p class='ocr_par' dir='ltr' id='par_1_6' title="bbox 134 2185 1153 2275">
     <span class='ocr_line' id='line_1_17' title="bbox 134 2185 1153 2275; baseline 0.003 -20"><span class='ocrx_word' id='word_1_144' title='bbox 134 2191 330 2275; x_wconf 84' lang='grc' dir='ltr'><strong><em>πεντάγωνα</em></strong></span> <span class='ocrx_word' id='word_1_145' title='bbox 348 2188 403 2255; x_wconf 85' lang='grc' dir='ltr'><strong><em>καὶ</em></strong></span> <span class='ocrx_word' id='word_1_146' title='bbox 421 2186 461 2254; x_wconf 84' lang='grc' dir='ltr'><strong><em>τά</em></strong></span> <span class='ocrx_word' id='word_1_147' title='bbox 475 2199 493 2254; x_wconf 71' lang='grc' dir='ltr'><em>ἒ</em></span> <span class='ocrx_word' id='word_1_148' title='bbox 507 2185 835 2274; x_wconf 87' lang='grc' dir='ltr'><strong><em>παραλληλόγραμμα</em></strong></span> <span class='ocrx_word' id='word_1_149' title='bbox 849 2187 889 2255; x_wconf 86' lang='grc' dir='ltr'><strong><em>τὰ</em></strong></span> <span class='ocrx_word' id='word_1_150' title='bbox 903 2186 968 2255; x_wconf 85' lang='grc' dir='ltr'><strong><em>ὑπὸ</em></strong></span> <span class='ocrx_word' id='word_1_151' title='bbox 984 2194 1016 2255; x_wconf 91' lang='grc' dir='ltr'>Γ</span> <span class='ocrx_word' id='word_1_152' title='bbox 1013 2198 1059 2273; x_wconf 78' lang='grc' dir='ltr'><strong><em>Λ,</em></strong></span> <span class='ocrx_word' id='word_1_153' title='bbox 1073 2198 1153 2258; x_wconf 90' lang='grc' dir='ltr'><strong><em>ΗΖ.</em></strong></span> 
     </span>
    </p>

    <p class='ocr_par' dir='ltr' id='par_1_7' title="bbox 134 2290 1154 2594">
     <span class='ocr_line' id='line_1_18' title="bbox 205 2290 1153 2381; baseline 0.002 -19"><span class='ocrx_word' id='word_1_154' title='bbox 205 2300 255 2363; x_wconf 87' lang='grc'><strong><em>18.</em></strong></span> <span class='ocrx_word' id='word_1_155' title='bbox 293 2294 381 2362; x_wconf 80' lang='grc' dir='ltr'><strong><em>Ἐπεὶ</em></strong></span> <span class='ocrx_word' id='word_1_156' title='bbox 405 2291 450 2374; x_wconf 86' lang='grc' dir='ltr'><strong><em>ώς</em></strong></span> <span class='ocrx_word' id='word_1_157' title='bbox 471 2292 510 2362; x_wconf 90' lang='grc' dir='ltr'><strong><em>τὸ</em></strong></span> <span class='ocrx_word' id='word_1_158' title='bbox 529 2290 595 2360; x_wconf 86' lang='grc' dir='ltr'><strong><em>ὑπὸ</em></strong></span> <span class='ocrx_word' id='word_1_159' title='bbox 613 2297 673 2378; x_wconf 78' lang='grc' dir='ltr'><strong><em>τῆς</em></strong></span> <span class='ocrx_word' id='word_1_160' title='bbox 688 2299 759 2359; x_wconf 90' lang='grc' dir='ltr'><strong><em>ΖΗ</em></strong></span> <span class='ocrx_word' id='word_1_161' title='bbox 776 2296 922 2363; x_wconf 76' lang='grc' dir='ltr'><strong><em>καθέτου</em></strong></span> <span class='ocrx_word' id='word_1_162' title='bbox 940 2295 996 2361; x_wconf 79' lang='grc' dir='ltr'><strong><em>καὶ</em></strong></span> <span class='ocrx_word' id='word_1_163' title='bbox 1014 2299 1074 2381; x_wconf 81' lang='grc' dir='ltr'><strong><em>της</em></strong></span> <span class='ocrx_word' id='word_1_164' title='bbox 1089 2303 1153 2364; x_wconf 89' lang='grc' dir='ltr'><strong><em>ΓΔ</em></strong></span> 
     </span>
     <span class='ocr_line' id='line_1_19' title="bbox 134 2399 1153 2487; baseline 0.003 -20"><span class='ocrx_word' id='word_1_165' title='bbox 134 2405 278 2486; x_wconf 88' lang='grc' dir='ltr'><strong><em>πλευράς</em></strong></span> <span class='ocrx_word' id='word_1_166' title='bbox 296 2405 358 2468; x_wconf 85' lang='grc' dir='ltr'><strong><em>τοῦ</em></strong></span> <span class='ocrx_word' id='word_1_167' title='bbox 372 2399 589 2487; x_wconf 88' lang='grc' dir='ltr'><strong><em>πενταγώνου</em></strong></span> <span class='ocrx_word' id='word_1_168' title='bbox 612 2400 694 2485; x_wconf 86' lang='grc' dir='ltr'><strong><em>πρὸς</em></strong></span> <span class='ocrx_word' id='word_1_169' title='bbox 711 2400 774 2486; x_wconf 78' lang='grc' dir='ltr'><strong><em>τὴν</em></strong></span> <span class='ocrx_word' id='word_1_170' title='bbox 793 2400 992 2487; x_wconf 80' lang='grc' dir='ltr'><strong><em>ἐπιφάνειαν</em></strong></span> <span class='ocrx_word' id='word_1_171' title='bbox 1010 2405 1072 2469; x_wconf 88' lang='grc' dir='ltr'><strong><em>τοῦ</em></strong></span> <span class='ocrx_word' id='word_1_172' title='bbox 1089 2407 1153 2470; x_wconf 83' lang='grc' dir='ltr'><strong><em>δω-</em></strong></span> 
     </span>
     <span class='ocr_line' id='line_1_20' title="bbox 135 2504 1154 2594; baseline 0.004 -21"><span class='ocrx_word' id='word_1_173' title='bbox 135 2508 328 2594; x_wconf 85' lang='grc' dir='ltr'><strong><em>δεκαέδρου,</em></strong></span> <span class='ocrx_word' id='word_1_174' title='bbox 354 2505 460 2585; x_wconf 82' lang='grc' dir='ltr'><strong><em>οὕτως</em></strong></span> <span class='ocrx_word' id='word_1_175' title='bbox 477 2506 515 2575; x_wconf 90' lang='grc' dir='ltr'><strong><em>τὸ</em></strong></span> <span class='ocrx_word' id='word_1_176' title='bbox 535 2504 601 2575; x_wconf 85' lang='grc' dir='ltr'><strong><em>ὑπὸ</em></strong></span> <span class='ocrx_word' id='word_1_177' title='bbox 615 2512 675 2594; x_wconf 77' lang='grc' dir='ltr'><strong><em>τῆς</em></strong></span> <span class='ocrx_word' id='word_1_178' title='bbox 689 2513 759 2574; x_wconf 83' lang='grc' dir='ltr'><strong><em>ΔΕ</em></strong></span> <span class='ocrx_word' id='word_1_179' title='bbox 779 2508 925 2574; x_wconf 77' lang='grc' dir='ltr'><strong><em>καθέτου</em></strong></span> <span class='ocrx_word' id='word_1_180' title='bbox 943 2508 1072 2593; x_wconf 81' lang='grc' dir='ltr'><strong><em>καὶτῆς</em></strong></span> <span class='ocrx_word' id='word_1_181' title='bbox 1087 2515 1154 2577; x_wconf 89' lang='grc' dir='ltr'><strong><em>ΒΓ</em></strong></span> 
     </span>
    </p>

    <p class='ocr_par' dir='ltr' id='par_1_8' title="bbox 80 2610 1150 3124">
     <span class='ocr_line' id='line_1_21' title="bbox 80 2610 1148 2700; baseline 0.001 -19"><span class='ocrx_word' id='word_1_182' title='bbox 80 2633 115 2681; x_wconf 80' lang='lat'><strong><em>20</em></strong></span> <span class='ocrx_word' id='word_1_183' title='bbox 133 2617 279 2698; x_wconf 86' lang='grc' dir='ltr'><strong><em>πλευράς</em></strong></span> <span class='ocrx_word' id='word_1_184' title='bbox 300 2615 362 2678; x_wconf 84' lang='grc' dir='ltr'><strong><em>τοῦ</em></strong></span> <span class='ocrx_word' id='word_1_185' title='bbox 384 2611 554 2697; x_wconf 90' lang='grc' dir='ltr'><strong><em>τριγώνου</em></strong></span> <span class='ocrx_word' id='word_1_186' title='bbox 576 2610 659 2699; x_wconf 88' lang='grc' dir='ltr'><strong><em>πρὸς</em></strong></span> <span class='ocrx_word' id='word_1_187' title='bbox 680 2611 743 2699; x_wconf 77' lang='grc' dir='ltr'><strong><em>τὴν</em></strong></span> <span class='ocrx_word' id='word_1_188' title='bbox 766 2617 827 2680; x_wconf 85' lang='grc' dir='ltr'><strong><em>τοῦ</em></strong></span> <span class='ocrx_word' id='word_1_189' title='bbox 846 2615 1065 2700; x_wconf 72' lang='grc' dir='ltr'><strong><em>εἰκοσαέδρου</em></strong></span> <span class='ocrx_word' id='word_1_190' title='bbox 1084 2617 1148 2682; x_wconf 87' lang='grc' dir='ltr'><strong><em>έπι·</em></strong></span> 
     </span>
     <span class='ocr_line' id='line_1_22' title="bbox 134 2717 1150 2807; baseline 0.002 -22"><span class='ocrx_word' id='word_1_191' title='bbox 134 2719 291 2806; x_wconf 88' lang='grc' dir='ltr'><strong><em>φάνειαν·</em></strong></span> <span class='ocrx_word' id='word_1_192' title='bbox 329 2718 485 2805; x_wconf 81' lang='grc' dir='ltr'><strong><em>ἑκάτερον</em></strong></span> <span class='ocrx_word' id='word_1_193' title='bbox 508 2717 573 2805; x_wconf 86' lang='grc' dir='ltr'><strong><em>γάρ</em></strong></span> <span class='ocrx_word' id='word_1_194' title='bbox 596 2723 664 2787; x_wconf 83' lang='grc' dir='ltr'><strong><em>τών</em></strong></span> <span class='ocrx_word' id='word_1_195' title='bbox 683 2719 1039 2807; x_wconf 77' lang='grc' dir='ltr'><strong><em>παραλληλογράμμων</em></strong></span> <span class='ocrx_word' id='word_1_196' title='bbox 1062 2747 1150 2807; x_wconf 89' lang='grc' dir='ltr'><strong><em>τρια·</em></strong></span> 
     </span>
     <span class='ocr_line' id='line_1_23' title="bbox 133 2825 1148 2912; baseline 0.001 -18"><span class='ocrx_word' id='word_1_197' title='bbox 133 2826 256 2894; x_wconf 84' lang='grc' dir='ltr'><strong><em>κοστὸν</em></strong></span> <span class='ocrx_word' id='word_1_198' title='bbox 286 2829 345 2911; x_wconf 80' lang='grc' dir='ltr'><strong><em>τῆς</em></strong></span> <span class='ocrx_word' id='word_1_199' title='bbox 377 2827 572 2911; x_wconf 78' lang='grc' dir='ltr'><strong><em>ἐπιφανείας</em></strong></span> <span class='ocrx_word' id='word_1_200' title='bbox 603 2828 665 2893; x_wconf 88' lang='grc' dir='ltr'><strong><em>τοῦ</em></strong></span> <span class='ocrx_word' id='word_1_201' title='bbox 696 2826 898 2912; x_wconf 80' lang='grc' dir='ltr'><strong><em>πολυέδρου·</em></strong></span> <span class='ocrx_word' id='word_1_202' title='bbox 944 2826 1000 2893; x_wconf 83' lang='grc' dir='ltr'><strong><em>καὶ</em></strong></span> <span class='ocrx_word' id='word_1_203' title='bbox 1033 2825 1079 2906; x_wconf 86' lang='grc' dir='ltr'><strong><em>ώς</em></strong></span> <span class='ocrx_word' id='word_1_204' title='bbox 1110 2826 1148 2895; x_wconf 84' lang='grc' dir='ltr'><strong><em>τὸ</em></strong></span> 
     </span>
     <span class='ocr_line' id='line_1_24' title="bbox 133 2929 1148 3020; baseline 0.004 -22"><span class='ocrx_word' id='word_1_205' title='bbox 133 2931 483 3018; x_wconf 86' lang='grc' dir='ltr'><strong><em>παραλληλόγραμμον</em></strong></span> <span class='ocrx_word' id='word_1_206' title='bbox 501 2929 585 3017; x_wconf 84' lang='grc' dir='ltr'><strong><em>πρὸς</em></strong></span> <span class='ocrx_word' id='word_1_207' title='bbox 602 2929 640 3000; x_wconf 86' lang='grc' dir='ltr'><strong><em>τὸ</em></strong></span> <span class='ocrx_word' id='word_1_208' title='bbox 661 2930 1019 3019; x_wconf 86' lang='grc' dir='ltr'><strong><em>παραλληλόγραμμον,</em></strong></span> <span class='ocrx_word' id='word_1_209' title='bbox 1045 2931 1065 3020; x_wconf 81' lang='grc' dir='ltr'><strong><em>ἡ</em></strong></span> <span class='ocrx_word' id='word_1_210' title='bbox 1083 2936 1148 3002; x_wconf 84' lang='grc' dir='ltr'><strong><em>έπι·</em></strong></span> 
     </span>
     <span class='ocr_line' id='line_1_25' title="bbox 134 3036 679 3124; baseline 0 -19"><span class='ocrx_word' id='word_1_211' title='bbox 134 3037 257 3124; x_wconf 93' lang='grc' dir='ltr'><strong><em>φάνεια</em></strong></span> <span class='ocrx_word' id='word_1_212' title='bbox 280 3037 364 3123; x_wconf 88' lang='grc' dir='ltr'><strong><em>πρὸς</em></strong></span> <span class='ocrx_word' id='word_1_213' title='bbox 386 3036 448 3124; x_wconf 80' lang='grc' dir='ltr'><strong><em>τὴν</em></strong></span> <span class='ocrx_word' id='word_1_214' title='bbox 472 3037 679 3123; x_wconf 81' lang='grc' dir='ltr'><strong><em>ἐπιφάνειαν.</em></strong></span> 
     </span>
    </p>

    <p class='ocr_par' dir='ltr' id='par_1_9' title="bbox 79 3141 1153 3550">
     <span class='ocr_line' id='line_1_26' title="bbox 79 3141 1153 3233; baseline 0.006 -22"><span class='ocrx_word' id='word_1_215' title='bbox 79 3164 114 3215; x_wconf 80' lang='lat'><strong><em>25</em></strong></span> <span class='ocrx_word' id='word_1_216' title='bbox 204 3149 252 3213; x_wconf 81' lang='lat'><strong><em>19.</em></strong></span> <span class='ocrx_word' id='word_1_217' title='bbox 287 3141 375 3211; x_wconf 79' lang='grc' dir='ltr'><strong><em>Ἐπεὶ</em></strong></span> <span class='ocrx_word' id='word_1_218' title='bbox 400 3144 462 3213; x_wconf 83' lang='grc' dir='ltr'><strong><em>δύο</em></strong></span> <span class='ocrx_word' id='word_1_219' title='bbox 486 3150 633 3232; x_wconf 82' lang='grc' dir='ltr'><strong><em>τρίγωνα</em></strong></span> <span class='ocrx_word' id='word_1_220' title='bbox 657 3153 712 3212; x_wconf 77' lang='grc' dir='ltr'><strong><em>ἴσα</em></strong></span> <span class='ocrx_word' id='word_1_221' title='bbox 737 3144 805 3211; x_wconf 79' lang='grc' dir='ltr'><strong><em>ἐστὶ</em></strong></span> <span class='ocrx_word' id='word_1_222' title='bbox 827 3148 873 3233; x_wconf 80' lang='grc' dir='ltr'><strong><em>τῷ</em></strong></span> <span class='ocrx_word' id='word_1_223' title='bbox 895 3143 961 3213; x_wconf 83' lang='grc' dir='ltr'><strong><em>ὑπὸ</em></strong></span> <span class='ocrx_word' id='word_1_224' title='bbox 987 3155 1068 3233; x_wconf 86' lang='grc' dir='ltr'><strong><em>ΔΕ,</em></strong></span> <span class='ocrx_word' id='word_1_225' title='bbox 1086 3153 1153 3216; x_wconf 89' lang='grc' dir='ltr'><strong><em>ΒΓ</em></strong></span> 
     </span>
     <span class='ocr_line' id='line_1_27' title="bbox 133 3250 1147 3342; baseline 0.005 -24"><span class='ocrx_word' id='word_1_226' title='bbox 133 3251 480 3342; x_wconf 79' lang='grc' dir='ltr'><strong><em>παραλληλογράμμῳ,</em></strong></span> <span class='ocrx_word' id='word_1_227' title='bbox 504 3250 563 3319; x_wconf 83' lang='grc' dir='ltr'><strong><em>έάν</em></strong></span> <span class='ocrx_word' id='word_1_228' title='bbox 585 3258 909 3338; x_wconf 78' lang='grc' dir='ltr'><strong><em>τριπλασιαοθώσιν,</em></strong></span> <span class='ocrx_word' id='word_1_229' title='bbox 932 3258 1087 3338; x_wconf 87' lang='grc' dir='ltr'><strong><em>γίνονται</em></strong></span> <span class='ocrx_word' id='word_1_230' title='bbox 1107 3254 1147 3323; x_wconf 82' lang='grc' dir='ltr'><strong><em>τά</em></strong></span> 
     </span>
     <span class='ocr_line' id='line_1_28' title="bbox 133 3356 1148 3445; baseline 0.005 -20"><span class='ocrx_word' id='word_1_231' title='bbox 133 3356 195 3444; x_wconf 72' lang='grc' dir='ltr'><strong><em>μέν</em></strong></span> <span class='ocrx_word' id='word_1_232' title='bbox 218 3362 365 3443; x_wconf 85' lang='grc' dir='ltr'><strong><em>τρίγωνα</em></strong></span> <span class='ocrx_word' id='word_1_233' title='bbox 389 3360 433 3441; x_wconf 82' lang='grc' dir='ltr'><strong><em>ἕξ,</em></strong></span> <span class='ocrx_word' id='word_1_234' title='bbox 456 3357 497 3424; x_wconf 85' lang='grc' dir='ltr'><strong><em>τὰ</em></strong></span> <span class='ocrx_word' id='word_1_235' title='bbox 522 3357 559 3426; x_wconf 72' lang='grc' dir='ltr'><strong><em>δὲ</em></strong></span> <span class='ocrx_word' id='word_1_236' title='bbox 582 3356 911 3445; x_wconf 89' lang='grc' dir='ltr'><strong><em>παραλληλόγραμμα</em></strong></span> <span class='ocrx_word' id='word_1_237' title='bbox 934 3365 1019 3445; x_wconf 86' lang='grc' dir='ltr'><strong><em>τρία.</em></strong></span> <span class='ocrx_word' id='word_1_238' title='bbox 1057 3364 1091 3443; x_wconf 75' lang='grc' dir='ltr'><strong><em>ἓξ</em></strong></span> <span class='ocrx_word' id='word_1_239' title='bbox 1111 3362 1148 3430; x_wconf 72' lang='grc' dir='ltr'><strong><em>δέ</em></strong></span> 
     </span>
     <span class='ocr_line' id='line_1_29' title="bbox 132 3461 1148 3550; baseline 0.006 -21"><span class='ocrx_word' id='word_1_240' title='bbox 132 3468 280 3550; x_wconf 85' lang='grc' dir='ltr'><strong><em>τρίγωνα</em></strong></span> <span class='ocrx_word' id='word_1_241' title='bbox 295 3461 339 3542; x_wconf 87' lang='grc' dir='ltr'><strong><em>ώς</em></strong></span> <span class='ocrx_word' id='word_1_242' title='bbox 352 3462 393 3529; x_wconf 85' lang='grc' dir='ltr'><strong><em>τά</em></strong></span> <span class='ocrx_word' id='word_1_243' title='bbox 404 3472 437 3529; x_wconf 88' lang='grc' dir='ltr'><em>Δ</em></span> <span class='ocrx_word' id='word_1_244' title='bbox 442 3468 509 3530; x_wconf 89' lang='grc' dir='ltr'><strong><em>ΒΓ</em></strong></span> <span class='ocrx_word' id='word_1_245' title='bbox 526 3472 581 3530; x_wconf 81' lang='grc' dir='ltr'><strong><em>λοα</em></strong></span> <span class='ocrx_word' id='word_1_246' title='bbox 596 3464 664 3532; x_wconf 80' lang='grc' dir='ltr'><strong><em>ἐστὶ</em></strong></span> <span class='ocrx_word' id='word_1_247' title='bbox 680 3463 757 3530; x_wconf 80' lang='grc' dir='ltr'><strong><em>δυσὶ</em></strong></span> <span class='ocrx_word' id='word_1_248' title='bbox 771 3461 950 3547; x_wconf 88' lang='grc' dir='ltr'><strong><em>τριγώνοις</em></strong></span> <span class='ocrx_word' id='word_1_249' title='bbox 960 3479 1029 3545; x_wconf 79' lang='grc' dir='ltr'><strong><em>τοῖς</em></strong></span> <span class='ocrx_word' id='word_1_250' title='bbox 1040 3473 1148 3535; x_wconf 87' lang='grc' dir='ltr'><em>ΑΒΓ.</em></span> 
     </span>
    </p>
   </div>
   <div class='ocr_carea' id='block_1_5' title="bbox 207 3638 1121 3710">
    <p class='ocr_par' dir='ltr' id='par_1_10' title="bbox 207 3638 1121 3710">
     <span class='ocr_line' id='line_1_30' title="bbox 207 3638 1121 3710; baseline 0.008 -18"><span class='ocrx_word' id='word_1_251' title='bbox 207 3645 246 3692; x_wconf 85' lang='grc' dir='ltr'><strong><em>ιι.</em></strong></span> <span class='ocrx_word' id='word_1_252' title='bbox 268 3638 307 3690; x_wconf 69' lang='lat' dir='ltr'><strong><em>v*</em></strong></span> <span class='ocrx_word' id='word_1_253' title='bbox 326 3640 372 3705; x_wconf 80' lang='lat' dir='ltr'><strong><em>(ad</em></strong></span> <span class='ocrx_word' id='word_1_254' title='bbox 393 3659 419 3709; x_wconf 79' lang='lat' dir='ltr'><strong><em>p.</em></strong></span> <span class='ocrx_word' id='word_1_255' title='bbox 436 3647 478 3707; x_wconf 83' lang='grc' dir='ltr'><strong><em>ιι,</em></strong></span> <span class='ocrx_word' id='word_1_256' title='bbox 495 3643 547 3709; x_wconf 83' lang='grc' dir='ltr'><strong><em>ιι).</em></strong></span> <span class='ocrx_word' id='word_1_257' title='bbox 619 3646 659 3695; x_wconf 82' lang='lat'><strong><em>18.</em></strong></span> <span class='ocrx_word' id='word_1_258' title='bbox 680 3641 718 3693; x_wconf 83' lang='lat' dir='ltr'><strong><em>V²</em></strong></span> <span class='ocrx_word' id='word_1_259' title='bbox 737 3639 784 3709; x_wconf 74' lang='lat' dir='ltr'><strong><em>(ad</em></strong></span> <span class='ocrx_word' id='word_1_260' title='bbox 802 3659 829 3710; x_wconf 85' lang='lat' dir='ltr'><strong><em>p.</em></strong></span> <span class='ocrx_word' id='word_1_261' title='bbox 848 3646 889 3705; x_wconf 85' lang='grc' dir='ltr'><strong><em>ιο,</em></strong></span> <span class='ocrx_word' id='word_1_262' title='bbox 905 3641 939 3710; x_wconf 85' lang='grc' dir='ltr'><strong><em>ι).</em></strong></span> <span class='ocrx_word' id='word_1_263' title='bbox 1015 3647 1055 3698; x_wconf 81' lang='grc' dir='ltr'><strong><em>ιν.</em></strong></span> <span class='ocrx_word' id='word_1_264' title='bbox 1076 3642 1121 3700; x_wconf 71' lang='grc' dir='ltr'><strong><em>ν’.</em></strong></span> 
     </span>
    </p>
   </div>
   <div class='ocr_carea' id='block_1_6' title="bbox 201 3797 580 3874">
    <p class='ocr_par' dir='ltr' id='par_1_11' title="bbox 201 3797 580 3874">
     <span class='ocr_line' id='line_1_31' title="bbox 201 3797 580 3874; baseline -0.005 -20"><span class='ocrx_word' id='word_1_265' title='bbox 201 3804 226 3854; x_wconf 80' lang='grc' dir='ltr'><strong><em>δ.</em></strong></span> <span class='ocrx_word' id='word_1_266' title='bbox 247 3799 312 3874; x_wconf 80' lang='grc' dir='ltr'><strong><em>τοῦ]</em></strong></span> <span class='ocrx_word' id='word_1_267' title='bbox 332 3797 405 3871; x_wconf 71' lang='grc' dir='ltr'><strong><em>(ολδ.)</em></strong></span> <span class='ocrx_word' id='word_1_268' title='bbox 424 3815 439 3854; x_wconf 85' lang='lat' dir='ltr'>e</span> <span class='ocrx_word' id='word_1_269' title='bbox 458 3815 527 3854; x_wconf 84' lang='lat' dir='ltr'>corr.</span> <span class='ocrx_word' id='word_1_270' title='bbox 548 3800 580 3854; x_wconf 90' lang='lat' dir='ltr'><strong><em>V.</em></strong></span> 
     </span>
    </p>
   </div>
   <div class='ocr_carea' id='block_1_7' title="bbox 0 0 1216 4320">
    <p class='ocr_par' dir='ltr' id='par_1_12' title="bbox 0 0 1216 4320">
     <span class='ocr_line' id='line_1_32' title="bbox 0 0 1216 4320; baseline 0 0"><span class='ocrx_word' id='word_1_271' title='bbox 0 0 1216 4320; x_wconf 95' lang='lat' dir='ltr'><strong><em> </em></strong></span> 
     </span>
    </p>
   </div>
  </div>
 </body>
</html>
