2414 4236
214 466 372 559 εοΗοοεε
390 468 429 519 m
446 467 722 520 οοεωεννοεισκ
738 468 878 521 mmm
891 470 923 522 v.
1013 465 1078 531 317

61 611 123 679 τοῦ
147 606 209 676 ια’·
240 606 416 693 γεγόνασι,
444 613 563 694 φησίν,
585 608 641 675 καί
665 608 718 675 έπί
736 612 804 676 τῶν
828 607 937 688 ἰσάκις
958 615 1078 677 πολλα-

61 720 226 800 πλασίων,
250 710 296 793 ἀς
319 716 356 782 ἐν
379 716 425 806 τῷ
447 725 485 780 ἕω
507 713 703 800 θεωρήματι
724 718 787 783 τοῦ
810 711 916 783 αὐτοῦ
937 717 972 781 {⁸
992 736 1078 783 στοι·

62 827 156 910 χείον
179 825 298 906 φησίν·
336 818 396 889 ἐὰν
424 822 568 907 μέγεθος
590 820 756 907 μεγέθους
778 818 888 900 ἰσάκις
914 811 935 910 ᾖ
959 828 1080 889 πολλα·

61 927 218 1013 πλάσιον,
242 924 323 1012 ὅπερ
341 923 532 1014 ἀφαιρεθὲν
550 923 807 1013 ἀφαιρεθέντος,
830 924 886 992 καί
903 927 943 993 τὸ
959 931 1080 993 λοιπον

61 1035 124 1102 τοῦ
143 1036 264 1100 λοιποῦ
283 1030 395 1107 ἰσάκις
412 1018 481 1098 ἐστὶ
500 1029 763 1116 πολλαπλάσιον,
787 1027 994 1099 ὁσαπλάσιόν
1010 1032 1080 1100 έστι
1118 1055 1133 1104 ι

61 1137 100 1208 τό
134 1138 216 1206 ὅλον
248 1139 310 1204 τοῦ
339 1134 432 1204 ὅλου.
476 1136 532 1203 καί
562 1135 743 1222 γεγόνασιν
772 1137 808 1204 οί
828 1135 925 1223 λόγοι
947 1136 1003 1204 καί
1027 1137 1080 1205 ἐπὶ

62 1248 132 1313 των
146 1242 351 1329 ἀναλογιῶν,
367 1239 412 1323 ὥς
426 1245 523 1333 ἐντῷ
538 1241 682 1330 παρόντι
695 1241 891 1330 θεωρήματι
905 1243 1081 1328 δέδεικται,

62 1347 247 1436 ἀναλογίας
270 1351 377 1436 λέγων
401 1351 551 1418 ἐνταῦθα
573 1347 682 1430 πάσας
702 1349 762 1429 τάς
780 1349 918 1435 σχέσεις,
939 1349 1019 1418 καθ’
1041 1347 1082 1430 ἀς

64 1460 131 1543 ἔχει
150 1457 294 1542 μέγεθος
311 1454 396 1544 πρὸς
413 1455 557 1541 μέγεθος
575 1454 679 1540 λόγον
698 1452 861 1540 ὁποιονδή
881 1481 956 1524 τινα
974 1451 996 1542 ἢ
1016 1457 1081 1523 ἐπι-

63 1561 186 1649 μόριον
208 1558 229 1649 ἢ
254 1564 393 1651 έπιμερή
415 1557 437 1649 ἢ
463 1568 540 1629 ίσον
561 1560 617 1628 καί
640 1558 753 1639 ἀτελῶς
771 1564 877 1628 εἰπεῖν
894 1556 916 1647 ἢ
936 1557 1080 1647 όητὸνή
1102 1588 1135 1637 10

64 1666 223 1755 ἀρρητον,
238 1666 351 1753 ὥσπερ
365 1668 422 1735 καί
431 1665 533 1747 αὐτὸς
545 1663 670 1734 κατιάν
681 1669 782 1752 δηλοῖ
792 1667 914 1753 λέγων·
926 1667 1080 1753 καθάπερ

65 1774 118 1842 έπί
141 1778 209 1843 τόν
232 1772 398 1860 ἡμιολίων
416 1769 437 1860 ἢ
457 1776 633 1862 ἐπιτρίτων
651 1771 764 1859 λόγων
781 1770 802 1860 ή
821 1777 891 1843 τάν
907 1773 1080 1844 τοιούτων.

64 1881 333 1966 προσκολλητέον
355 1878 420 1965 γάρ
442 1882 488 1969 τῷ
511 1877 583 1947 ἀνω
606 1878 704 1971 κάλω
726 1878 765 1948 τὸ
787 1879 877 1950 κάτω
895 1889 1007 1950 κοῖλον
1025 1881 1080 1948 καὶ

64 1982 303 2071 ἀναγνωστέον
321 1983 440 2066 οὕτως·
459 1985 642 2072 γεγόνασιν
661 1982 700 2053 δὲ
714 1987 749 2053 οί
765 1987 931 2072 λόγοικαί
946 1987 1081 2056 ἐπὶτῶν

66 2089 175 2170 ἰσάκις
192 2096 452 2158 πολλαπλασίων
468 2091 525 2158 καί
544 2091 597 2159 έπί
622 2095 704 2175 [τῶν
723 2089 916 2178 ἀναλογιῶν
934 2094 1004 2178 καὶ]
1028 2093 1082 2161 έπί
1103 2120 1135 2168 ις

66 2199 135 2264 τῶν
166 2193 332 2282 ἡμιολίων
363 2192 384 2282 ἢ
418 2198 591 2283 ἐπιτρίτων
623 2199 735 2283 λόγων
771 2194 792 2284 ή
825 2202 886 2266 τοῦ
915 2197 1083 2268 τοιούτου.

66 2301 171 2388 μέσον
194 2299 233 2369 δὲ
255 2299 387 2370 τούτων
409 2304 693 2392 προσεπεμβάλλει
716 2305 773 2372 καί
795 2302 857 2390 τήν
880 2309 1007 2389 αἰτίαν,
1033 2301 1079 2371 δι’

64 2403 109 2493 ἣν
131 2406 215 2490 [κ]αἰ
239 2408 276 2476 έν
294 2420 365 2489 τοϊς
381 2416 643 2491 πολλαπλασίοις
661 2411 718 2478 καί
736 2423 884 2498 μερικοῑς
900 2408 1083 2497 γεγόνασιν

66 2516 102 2581 οἰ
126 2512 239 2600 λόγοι,
273 2517 395 2597 οἵτινες
422 2513 648 2603 εὑρίσκονται,
681 2516 737 2584 καί
764 2519 803 2584 ἰν
824 2530 897 2597 ταῖς
920 2514 1083 2595 καθόλοις

65 2620 208 2707 σχέσεσι,
221 2625 281 2688 καί
292 2641 411 2707 φησιν·
430 2620 513 2691 ὅταν
527 2631 683 2710 εἰπωμεν·
698 2621 759 2692 έάν
772 2625 908 2709 πρῶτον
923 2624 1082 2710 δευτέρου
1101 2647 1135 2695 20

66 2725 174 2807 ἰσάκις
191 2718 213 2816 ή
231 2727 485 2797 πολλαπλάσιον
503 2728 559 2796 καί
576 2734 691 2815 τρίτον
708 2729 880 2818 τετάρτου,
905 2729 1082 2817 δυνάμεθα

66 2836 172 2900 εἰπεῖν
196 2834 233 2902 ἐν
257 2831 373 2914 αὐτοῖς
398 2833 530 2914 τούτοις
556 2834 612 2902 καὶ
640 2835 695 2922 τό,
728 2834 780 2904 ὅτι
808 2834 854 2917 ὡς
879 2834 918 2904 τὸ
947 2841 1082 2922 πρῶτον

66 2935 151 3023 πρὸς
168 2937 207 3006 τὸ
227 2939 400 3029 δεύτερον,
423 2938 531 3020 οὕτως
548 2938 585 3008 τὸ
604 2946 718 3029 τρίτον
737 2940 821 3029 πρὸς
837 2968 877 3009 το
896 2940 939 3010 δ’.
972 2942 1082 3011 ἔπειτά

67 3049 216 3130 φη[σιν]·
241 3043 353 3114 οάκέτι
372 3046 410 3114 δὲ
423 3046 478 3113 καί
493 3043 717 3135 ἀντιστρέφει.
740 3046 822 3116 οὐδὲ
839 3045 904 3136 γάρ
923 3049 1082 3135 εἰπόντες,

68 3147 118 3217 ὅτι
142 3147 186 3231 ὡς
208 3148 246 3219 τί)
273 3151 307 3219 α’
331 3150 416 3238 πρὸς
437 3149 475 3220 τὸ
494 3155 540 3238 β’,
564 3150 670 3234 οὕτως
687 3155 726 3221 τὸ
742 3153 778 3241 γ’
796 3152 880 3243 πρὸς
897 3154 935 3223 τὸ
957 3156 1002 3243 δ’,
1027 3159 1082 3224 δν·
1101 3176 1134 3225 25

67 3255 200 3343 νάμεθα
227 3256 476 3344 ἀντιστρήψαι]
504 3259 560 3327 καὶ
588 3263 710 3345 εἰπεῖν,
738 3256 789 3327 ὅτι
816 3261 873 3328 καί
900 3258 933 3329 τί
961 3261 1023 3346 μὲν
1046 3263 1082 3328 α’

66 3365 128 3430 τοῦ
150 3361 186 3448 β’
210 3362 320 3444 ἰσάκις
348 3365 417 3432 έστί
445 3367 714 3451 πολλαπλάσιον,
745 3366 802 3434 καί
830 3363 869 3435 τὸ
891 3366 926 3453 γ’
948 3370 1011 3436 τοῦ
1035 3367 1082 3433 δ’·

68 3467 239 3536 ἀδύνατον
252 3468 319 3556 γάρ
332 3475 444 3540 τοῦτο.
471 3471 516 3558 μή
531 3471 828 3563 προδιορισάμενοι
843 3471 906 3560 μέν
919 3470 984 3561 γάρ
998 3473 1082 3561 μηδὲ

69 3573 284 3657 προειπόντες
306 3600 339 3642 τι
361 3573 551 3664 ὡρισμένον
572 3580 641 3647 τάν
663 3578 748 3667 πρός
770 3606 803 3648 τι
824 3586 1082 3649 πολλαπλασίων

84 3691 281 3703 ——-..—.—

140 3737 165 3788 8.
185 3729 327 3806 ἰνταῦθα]
348 3751 502 3806 suprascr.
522 3755 559 3791 m.
576 3740 590 3789 1
609 3739 630 3793 λ
721 3743 765 3793 29.
791 3736 881 3807 Supra
898 3739 1083 3807 προειπόντες

69 3817 122 3857 scr.
140 3802 404 3874 προαπαντήσαντες
421 3809 442 3863 t.
