2414 4236
129 552 134 561 ·
240 539 398 592 scnoffl
416 541 456 592 IN
473 540 749 594 ELEMENTORUM
766 539 906 593 LIBRUM
920 543 941 594 1.
1030 540 1094 605 183

77 686 165 749 ἔοικε
184 679 222 748 δὲ
240 680 295 746 καὶ
313 678 395 747 κατὰ
416 678 475 758 τὰς
491 678 610 759 κοινάς
628 683 759 760 ἐννοίας
777 687 996 769 προσπίπτειν
1011 680 1093 769 ἡμῖν

77 784 99 873 ἡ
126 790 188 879 τοῦ
214 783 434 872 θεωρήματος
460 785 604 872 ἀλήθεια
631 784 913 855 ἀποδεικνύουσιν
941 787 1003 874 τὴν
1031 793 1093 857 τοῦ

78 890 247 980 τριγώνου
268 891 411 977 γένεσιν.
449 890 509 959 ἐάν
527 891 592 979 γὰρ
611 893 788 979 νοήσωμεν
807 889 946 961 εύθεῖαν
965 895 1021 962 καί
1040 895 1093 963 ἐπὶ

77 997 146 1067 τών
169 995 323 1085 περάτων
350 997 453 1083 αὐτῆς
480 997 626 1078 ἑστώσας
652 996 736 1086 πρὸς
764 997 885 1085 ὀρθάς,
918 997 989 1068 εἶτα
1017 1021 1094 1068 συν·

76 1103 243 1183 νευούσας
257 1107 305 1182 είς
318 1102 486 1191 τριγώνου
504 1105 648 1189 γένεσιν,
668 1102 811 1191 ὁρῶμεν,
831 1104 893 1192 ὅτι,
912 1104 991 1174 καθ’
1009 1105 1093 1174 ὅσον
1130 1131 1148 1179 5

75 1208 297 1295 σνννεύουσι,
325 1208 408 1276 κατὰ
431 1214 598 1284 τοσοῦτον,
621 1212 794 1278 ἐλαττοῦσι
818 1210 875 1291 τάς
903 1210 1025 1298 ὀρθάς,
1054 1209 1094 1292 ἃς

76 1317 216 1384 ἐποίουν
248 1312 320 1384 κατ’
351 1313 459 1403 ἀρχὴν
492 1326 683 1402 σταθεῖσαι,
721 1315 804 1384 ώστε
838 1316 921 1386 ὅσον
956 1321 1093 1386 ἐκείνων

76 1420 274 1510 ἀφαιροῦσι,
298 1426 461 1490 τοσοῦτον
484 1421 569 1509 πρὸς
590 1432 630 1510 τῇ
654 1426 787 1511 κορυφῇ
811 1426 1093 1512 συνεισφέρουσαι

74 1526 141 1613 τὴν
168 1533 284 1614 τρίτην
308 1534 437 1614 γωνίαν
466 1525 666 1596 ἀποτελοῦσι
692 1532 732 1616 τῇ
762 1529 940 1599 συννεύοει
971 1532 1027 1598 καί
1060 1531 1093 1612 ἐξ

76 1628 227 1718 ἀυάγκης
249 1638 383 1702 ποιοῦσι
406 1636 465 1712 τάς
489 1633 583 1714 ἐντὸς
605 1647 692 1722 τρεῖς
710 1639 836 1719 γωνίας
854 1636 953 1703 δυσίν
973 1633 1094 1723 ὀρθαῖς
1114 1661 1147 1708 10

74 1745 153 1818 ίσας
175 1752 247 1818 ταῖς
267 1740 394 1826 πρώην.

146 1848 219 1915 113.
251 1849 304 1936 Τῷ
324 1846 370 1922 ις’
384 1846 440 1913 καί
455 1845 497 1927 ιζ’
511 1851 675 1915 τοσοῦτον
689 1846 914 1936 προστίθησιν
930 1851 1093 1916 ἐνταῦθα·

78 1947 120 2018 ού
151 1949 216 2039 γὰρ
244 1950 369 2039 μόνον,
403 1949 454 2020 ὅτι
482 1949 503 2038 ἡ
532 1951 625 2031 ἐκτὸς
652 1964 712 2021 τοῦ
740 1954 909 2042 τριγώνου
938 1956 1094 2043 ἑκατέρας

78 2061 147 2124 τῶν
171 2055 262 2138 ἐντὸς
284 2063 416 2146 μείζων,
440 2056 526 2125 ἀλλά
544 2064 610 2126 τίνι
629 2064 760 2145 μείζων,
784 2058 892 2148 ὅτιτῇ
912 2062 1007 2151 ἑτέρᾳ
1026 2072 1093 2129 τῶν

77 2158 292 2231 ἀπεναντίον·
328 2165 385 2231 καὶ
409 2161 451 2232 ού
474 2163 581 2250 μόνον
605 2166 666 2231 δύο
692 2161 810 2251 ὀρθών
834 2165 1005 2246 ἐλάττονες
1028 2164 1092 2234 δύο
1114 2190 1147 2238 ιο

76 2264 268 2354 ὁποιαιοῦν,
292 2267 366 2338 ἀλλ’
392 2270 506 2358 ὅτιτῇ
530 2271 709 2357 λειπομένη
732 2273 800 2336 τών
825 2271 930 2350 ἐντός·
967 2274 1006 2338 αί
1027 2272 1092 2358 γὰρ

74 2388 165 2462 τρεῖς
189 2374 252 2444 δύο
276 2373 398 2463 ὀρθαῖς
421 2385 499 2443 ίσαι.
546 2373 694 2444 δυνατὸν
723 2374 760 2442 δὲ
788 2373 849 2462 τὴν
877 2376 1093 2462 παράλληλον

76 2479 134 2548 διά
158 2485 220 2549 τοῦ
244 2486 276 2548 Γ
296 2478 402 2560 οὕτως
424 2480 579 2566 ἀγαγεῖν,
608 2479 653 2560 ὡς
680 2481 811 2567 τέμνειν
840 2479 903 2568 τὴν
927 2489 1010 2567 ΒΔ,
1037 2482 1093 2549 καὶ

77 2589 184 2669 δεῖξαι
207 2591 321 2655 πᾶσαν
343 2585 404 2673 τὴν
427 2586 599 2675 πρότασιν.

146 2697 221 2763 114.
250 2691 531 2779 Ἐπειδὴέχομεν,
556 2694 606 2761 ὅτι
625 2691 748 2773 παντὸς
765 2694 934 2782 τριγώνου
952 2699 991 2763 αί
1005 2710 1094 2783 τρεῖς
1112 2719 1147 2769 20

75 2805 198 2886 γωνίαι
231 2797 295 2868 δύο
324 2796 445 2887 ὀρθαῖς
473 2808 543 2867 ίσαι
571 2803 672 2885 είσίν,
704 2804 756 2867 δεῖ
786 2802 937 2887 μέθοδον
965 2809 1093 2889 λαβεῖν,

74 2903 157 2973 καθ’
187 2902 232 2991 ἣν
263 2906 320 2973 καὶ
351 2909 419 2973 τῶν
452 2904 564 2974 ἀλλων
592 2905 728 2973 πάντων
756 2908 965 2992 πολυγώνων
994 2908 1093 2976 εύθυ·

62 3007 241 3100 ’γράμμων
263 3010 322 3092 τὰς
343 3016 470 3098 γωνίας
492 3011 692 3098 εὑρήσομεν,
717 3010 855 3092 ὁπόσαις
879 3011 1000 3099 ὀρθαῖς
1023 3022 1093 3081 ίσαι

75 3121 182 3202 είσίν,
204 3110 290 3212 ,οἷον
321 3116 549 3204 τετραγώνου,
581 3117 798 3203 πενταγώνου
830 3122 886 3185 καί
918 3122 986 3186 τών
1019 3120 1093 3204 ἑξῆς

75 3220 238 3291 ἁπάντων
264 3223 515 3312 πολυπλεύρων.
561 3222 623 3311 χρὴ
651 3229 769 3291 τοίνυν
797 3226 922 3291 είδέναι
945 3228 1092 3311 πρώτον,
1111 3247 1148 3296 νο

77 3329 131 3396 ’ὄτι
154 3339 222 3396 πᾶν
245 3333 355 3417 σχῆμα
378 3329 622 3417 εὐθύγραμμον
650 3334 698 3409 είς
724 3335 871 3415 τρίγωνα
899 3327 1092 3397 ἀναλύεται·

77 3429 216 3503 πάντων
238 3434 303 3523 γὰρ
326 3432 411 3523 ἀρχὴ
440 3439 499 3522 τῆς
526 3436 716 3515 συστάσεως
743 3440 924 3521 τρίγωνον,
953 3431 1093 3504 ὃκαίό

152 3600 211 3650 113.
231 3594 381 3650 PBFVat.
400 3592 452 3666 (εἰς
470 3589 503 3648 τὸ
521 3593 566 3668 ιβ’
585 3595 669 3665 νοτ).
745 3600 803 3649 114.
824 3593 854 3648 P.

152 3742 176 3792 1.
195 3733 247 3799 τὰς
265 3731 363 3797 αοινάς
382 3731 506 3808 ἐννοίας]
527 3754 558 3806 q,
581 3736 694 3791 Proolus
713 3754 742 3806 p.
762 3741 828 3804 384,
848 3741 893 3800 1³3
920 3732 974 3804 τὴν
993 3733 1093 3805 κοινὴν

78 3803 196 3862 ἔννοιαν
213 3805 248 3862 V.
339 3812 364 3860 2.
387 3803 639 3880 ἀποδεικνύουσιν]
659 3825 693 3878 q,
715 3802 952 3863 ἀποδεικνύουσιν
965 3804 1013 3876 1,
1031 3805 1106 3861 ἰοῦ.

78 3879 163 3934 reete.
239 3873 506 3949 12193]co'FVat.
583 3885 624 3938 16.
645 3875 832 3940 ἀπεναντίον
850 3881 925 3939 W.
