2414 4236
221 502 379 554 scflom
396 503 436 555 IN
453 502 728 555 ELEMENTOBUM
745 505 884 556 LIBRUM
898 505 919 558 I.
1008 502 1069 565 141

54 635 150 728 ήιιται
174 639 318 721 κάθετος
340 638 392 708 ἐπ’
417 639 557 710 εὐθεῖαν
579 643 635 710 καί
658 645 741 729 πρὸς
764 641 882 730 ὀρθάς,
906 641 1071 731 ἑπόμενον

54 741 101 835 ήν
124 751 276 836 ζητήσαι,
305 754 339 815 εί
361 750 432 815 ἐστι
452 747 604 828 κάθετος.
650 747 766 817 εὐθεῖα
790 749 827 817 δὲ
855 749 905 818 ἐπ’
931 749 1071 818 εὐθεῖαν

59 863 222 922 σταθεῖσα
240 860 364 941 γωνίας
382 867 474 922 ποιεί
490 852 666 942 ἐπήγαγεν,
688 857 746 921 ἵνα
764 853 809 943 μή
828 864 879 942 είη
902 854 952 924 ἐπ’
971 854 1073 942 ἀιιρας

58 958 195 1040 εὐθείας
208 970 382 1045 σταθεῖσα,
400 961 456 1028 καί
473 966 602 1047 γίνεται
620 968 679 1048 μία
693 967 811 1047 γωνία,
831 961 886 1028 καί
900 958 1072 1031 ἀδύνατον

57 1065 121 1153 τήν
147 1072 230 1154 μίαν
257 1073 386 1154 γωνίαν
415 1064 502 1135 εἶναι
531 1067 593 1136 δύο
622 1064 744 1155 ὀρθαῖς
767 1075 856 1153 ίσην·
893 1072 983 1135 πᾶσα
1006 1069 1071 1154 γάρ
1109 1093 1125 1142 5

55 1170 300 1260 εὐθύγραμμος
321 1178 428 1260 γωνία
448 1175 511 1242 δύο
530 1170 647 1261 ὀρθῶν
666 1172 818 1241 ἐλάσσων
837 1174 938 1258 ἐστίν,
962 1171 1072 1259 ὥσπερ

54 1283 147 1347 πᾶσα
171 1277 289 1366 στερεὰ
312 1278 478 1367 τεττάρων
503 1276 619 1367 ὀρθῶν
643 1278 801 1347 ἐλάσσων.

423 1476 476 1541 Ad
502 1499 606 1560 prop.
629 1476 718 1542 XIV.

128 1601 182 1666 59.
222 1597 267 1664 Τὸ
295 1596 343 1665 ιδ’
366 1596 529 1683 θεώρημα
556 1601 617 1664 τού
645 1596 691 1684 ιγ’
715 1598 806 1666 ἐστὶν
834 1593 1073 1682 ἀντίστροφον·

54 1706 172 1773 ἕπεται
203 1705 267 1790 γὰρ
299 1700 351 1771 ἀεὶ
383 1703 423 1771 τά
462 1701 669 1789 ἀντίστροφα
704 1718 775 1783 τοῖς
810 1704 1075 1790 προηγουμένοις
1096 1728 1129 1778 10

54 1810 286 1896 θεωρήμασιν.
336 1811 467 1878 ἐκείνου
499 1812 564 1897 γάρ
597 1809 823 1896 συστήσαντος
855 1806 993 1878 εὐθεῖαν
1021 1806 1071 1876 ἐπ’

55 1914 196 1995 εὐθείας
218 1915 275 1983 καί
298 1917 482 2000 δείξαντος,
515 1916 566 1983 ὅτι
594 1913 652 1996 τάς
680 1918 798 2003 ἐφεξῆς
823 1913 844 2002 ἢ
873 1915 936 1985 δύο
966 1913 1075 2000 ὀρθάς

55 2015 192 2106 ποιελή
221 2019 285 2089 δύο
316 2017 437 2109 ὀρθαῖς
464 2029 553 2106 ἴσας,
580 2032 679 2089 τοῦτο
708 2021 870 2108 λαμβάνει
897 2022 959 2109 μὲν
991 2021 1075 2109 πρὸς

58 2123 183 2217 εὐθείᾳ
198 2128 266 2195 τινί
285 2126 349 2194 δύο
367 2129 547 2213 γινομένας
566 2118 691 2216 ὀρθάς,
709 2133 858 2196 δείκνυσι
878 2131 925 2212 δέ,
944 2127 997 2196 ὅτι
1015 2134 1074 2214 μία

53 2233 153 2304 ἐστίν
169 2234 288 2302 εὐθεῖα
307 2230 328 2320 ή
347 2238 451 2302 ταῦτα
466 2238 610 2302 ποιοῦσα
625 2236 708 2319 πρὸς
722 2237 761 2321 τῇ
776 2236 932 2321 εἰρημένῃ
949 2232 1074 2322 εὐθείᾳ.
1095 2258 1128 2307 15

51 2341 96 2409 τὸ
120 2345 240 2407 τοίνυν
263 2342 301 2408 ἐν
324 2342 440 2429 ἐκείνω
462 2343 647 2426 δεδομένον
666 2338 828 2428 ἐντούτῳ
849 2345 997 2424 ζητεῖται,
1019 2340 1075 2406 καὶ

55 2452 232 2516 δείκνυται
256 2444 312 2512 διὰ
330 2450 390 2532 τής
408 2450 455 2526 είς
474 2444 645 2514 ἀδύνατον
665 2443 856 2532 ἀπαγωγῆς·
880 2442 937 2513 διά
955 2443 1076 2530 ταύτης

53 2549 125 2638 γάρ
149 2559 242 2636 φιλεῖ
258 2555 458 2619 δείκνυσθαι
476 2551 516 2621 τά
535 2549 741 2638 ἀντίστροφα
760 2555 828 2619 τῶν
845 2550 1075 2638 θεωρημάτων

53 2658 117 2727 καί
147 2655 235 2725 οὕτω
264 2659 437 2743 φέρεσθαι.
484 2661 520 2726 ἐν
548 2660 589 2725 δέ
613 2684 650 2744 γε
677 2671 748 2736 τοῖς
777 2657 989 2745 προβλήμασι
1020 2659 1075 2726 καὶ

53 2764 315 2850 προηγουμένας
336 2765 462 2850 δέχεται
482 2765 693 2843 κατασκευάς.
730 2762 826 2844 ἀξιον
846 2765 884 2833 δὲ
901 2765 1076 2852 θαυμάσαι
1095 2790 1130 2838 20

53 2869 124 2955 τήν
144 2871 404 2955 ἐπιστημονικήν
424 2865 611 2956 ἀκρίβειαν·
635 2871 736 2938 είπων
754 2868 819 2957 γὰρ
839 2869 898 2937 ἐάν
913 2870 996 2955 πρός
1008 2898 1075 2938 τινι

54 2975 182 3064 εὐθείᾳ
205 2977 395 3062 προσέθηκε
417 2974 455 3043 τὸ
478 2975 534 3043 καί
556 2977 603 3066 τῷ
630 2973 713 3062 πρὸς
739 2974 822 3062 αὐτή
851 2981 991 3065 σημείῳ,
1019 2978 1076 3043 ’ίνα

54 3077 116 3169 ἐφ’
133 3077 211 3159 ἑνὸς
228 3086 368 3168 σημείου
391 3073 475 3149 ὦσιν
498 3085 536 3149 αί
557 3079 698 3150 εὐθεῖαι.
735 3086 766 3148 εί
786 3078 851 3166 γάρ
871 3082 906 3147 ἐκ
924 3091 992 3148 τῶν
1012 3081 1076 3149 δύο

55 3183 217 3275 περάτων
248 3191 307 3274 τῆς
339 3189 522 3275 δεδομένης
553 3187 688 3268 εὐθείας
720 3186 889 3275 ἀχθῶσιν,
927 3186 988 3255 οὐκ
1023 3185 1074 3255 ἐπ’

56 3289 199 3373 εὐθείας
221 3298 354 3361 ἔσονται
377 3293 545 3380 ἀλλήλαις.
584 3293 654 3362 εἶτα
677 3296 867 3382 προσέθηκε
889 3297 928 3361 τὸ
948 3295 1076 3380 ἐφεξῆς,
1096 3316 1130 3365 εο

57 3388 111 3467 ὧν
138 3399 246 3484 μηδέν
273 3402 363 3468 ἐστιν
391 3398 510 3486 ὅμοιον
538 3400 672 3487 μεταξύ·
711 3401 767 3467 καὶ
794 3405 910 3478 κίονας
936 3401 1077 3485 λέγομεν

57 3505 181 3591 ἐφεξῆς
205 3508 343 3591 ἐκείνας,
366 3496 415 3573 οἷν
438 3506 483 3593 μή
508 3508 599 3574 ἐστιν
622 3505 706 3593 άλλη
730 3511 813 3575 κίων
832 3506 946 3592 μέσον,
969 3512 1077 3575 καίτοι

131 3688 176 3737 69.
195 3680 353 3750 V⁸(P¹fq).

133 3848 177 3898 ιι
197 3836 319 3913 εοοειᾳ]
338 3806 458 3896 είοιωι
478 3840 550 3911 νίς,
625 3847 668 3899 νο.
687 3838 737 3921 ιλ]
756 3862 784 3918 q,
804 3844 928 3905 onds.
