2414 4236
249 468 405 520 εοΗοοιΑ
424 469 463 518 m
481 469 753 521 οτανιεοτοοου
772 471 910 523 mmmm
923 474 956 527 x,
1038 469 1103 534 467

91 613 123 676 εἰ
144 606 301 696 άναλνθῄ
325 607 343 676 ὁ
365 599 405 688 κξ
430 606 475 694 μὴ
499 608 649 692 τετράκις
676 612 723 688 εἰς
748 608 865 694 λεπτά,
897 607 971 678 ἀλλ’
997 609 1105 692 ἑξάκις

90 711 112 802 ἢ
137 712 281 798 δεκάκις,
305 711 549 799 εὑρεθήσονται
572 714 627 780 καὶ
650 715 788 800 τέταρτα
810 713 920 783 λεπτά.

90 953 194 995 τινων
227 924 523 1013 παρονομαζόμενα
555 933 620 993 εἴτε
652 927 871 1011 τετραγώνων
903 933 969 994 εἴτε
999 927 1104 1013 ἕτερο-

90 1036 222 1121 μηκών,
250 1025 325 1100 οἷον
353 1030 390 1098 τὸ
415 1030 601 1117 τετράπουν
623 1032 678 1098 καὶ
702 1029 888 1099 έννεάπονν
921 1030 1005 1120 ῥητά
1037 1030 1103 1102 ἀπὸ
1140 1056 1157 1105 ο

91 1137 309 1225 τετραγώνων
347 1137 637 1223 παρωνομασμένα
673 1141 734 1205 τοῦ
770 1129 793 1205 θ
827 1137 883 1206 καὶ
914 1129 955 1223 θ,
990 1140 1028 1206 τὸ
1067 1139 1104 1208 δὲ

91 1244 261 1313 ὀκτάπουν
284 1245 339 1311 καὶ
364 1241 676 1312 ὀκτωκαιδεκάπονυ
699 1241 782 1329 ῥητά
807 1242 872 1311 ἀπὸ
896 1244 1104 1331 ἕτερομνμιών

89 1356 151 1420 τοῦ
178 1351 275 1419 ῖκαλ
302 1355 324 1436 ἦ
356 1350 411 1417 καὶ
439 1346 504 1416 ἀπὸ
534 1352 595 1416 τοῦ
622 1352 654 1433 ἦ.
704 1346 863 1429 ὡσαύτως
888 1352 944 1418 καὶ
972 1348 1105 1419 εὐθεῖαι

92 1457 189 1545 ῥηταὶ
221 1459 259 1522 αἱ
288 1453 352 1523 ἀπὸ
386 1453 545 1542 ἀριθμῶν
577 1464 890 1541 παρουομασθεῖσαι
922 1462 1104 1526 καλοῦνται

92 1571 155 1630 εἴτε
179 1561 399 1650 τετραγώνων
421 1570 487 1629 εἴτε
511 1559 637 1646 οἱωνδή
660 1587 778 1645 τινων,
809 1555 883 1630 οἷον
911 1560 932 1649 ἡ
956 1568 1104 1649 τρίπους,
1124 1586 1158 1635 10

90 1666 111 1755 ἡ
135 1667 328 1756 τετράπους,
351 1665 589 1754 ἡπεντάπονς,
612 1662 633 1753 ἡ
659 1666 824 1746 ἑπτάπους
847 1664 970 1736 ἅπασαι
994 1671 1104 1756 ῥηταί·

92 1775 129 1841 ἐν
153 1772 288 1865 ἀριθμῷ
312 1771 376 1859 γάρ
399 1771 489 1840 ἀπαν
513 1770 624 1859 ῥητόν.
672 1769 748 1839 ὅσαι
778 1772 815 1840 δέ
839 1771 901 1842 οὐκ
924 1772 990 1842 ἀπό
1013 1801 1106 1854 τινος

91 1876 243 1968 ἀριθμοῦ
265 1878 553 1965 παρονομάζονται
585 1877 628 1956 ὡς
651 1876 672 1963 ἡ
695 1878 822 1966 πλευρά
844 1884 907 1948 τοῦ
927 1872 959 1965 ξ,
988 1885 1049 1949 τοῦ
1072 1893 1106 1967 ἥ,

91 1989 153 2053 τοῦ
177 1983 353 2071 ῐάρρητοι
376 1986 432 2052 καὶ
452 1982 569 2069 ἀλογοι
589 1985 752 2069 λέγονται,
777 1982 901 2073 ὁμοίως
918 1987 973 2053 καὶ
992 1991 1078 2074 χωρί
1099 2039 1106 2054 .

93 2090 176 2175 ῥητά
200 2090 238 2158 δὲ
260 2088 344 2176 πρὸς
366 2088 493 2175 ἄλληλα
515 2089 571 2156 καὶ
590 2089 687 2173 ῥηταὶ
709 2087 793 2176 πρὸς
812 2087 958 2176 ἀλλήλας
976 2089 1106 2160 εὐθεῖαι
1126 2112 1159 2163 16

93 2196 258 2281 λέγονται,
282 2193 345 2262 ὅσα
368 2192 389 2280 ἢ
414 2193 489 2263 ὅσαι
515 2193 700 2281 σύμμετροί
721 2199 816 2264 εἰσιν.

464 2393 521 2457 Ad
549 2414 652 2476 prop.
675 2391 731 2456 XI.

159 2518 213 2581 95.
243 2513 358 2582 Ἔστιν
376 2512 441 2599 ἀρα
461 2514 516 2580 καὶ
535 2510 756 2600 ἀσυμμέτρων
776 2510 885 2597 λόγος.
913 2508 1025 2597 ὀρθῶς
1040 2510 1106 2601 ἄρα

92 2622 129 2688 ἐν
153 2624 198 2711 τῷ
221 2619 263 2688 ιε’
288 2619 435 2707 ἐρρήθη,
463 2617 516 2687 ὅτι
542 2616 828 2696 πεντεκαιδεκάκις
856 2644 874 2685 ο
897 2616 1005 2702 λόγος.
1053 2619 1105 2686 ἐν·

91 2731 214 2795 τεῦθεν
242 2724 279 2793 ἀὲ
307 2726 363 2792 καὶ
390 2722 462 2793 κατ’
489 2722 675 2809 ἀναλογίαν
702 2729 886 2810 συμμετρία
917 2724 972 2790 καὶ
1001 2721 1104 2810 ἀσυμ-
1123 2745 1158 2794 20

91 2839 215 2919 μετρία.
239 2871 282 2881 -
306 2827 406 2910 αὐτὸς
430 2833 599 2916 έκτίθεμαι
618 2857 658 2897 τα
682 2827 877 2917 ἀσύμμετρα
900 2826 961 2896 οάκ
983 2832 1106 2898 ἐκτῶν

91 2938 228 3024 φύσεων
252 2936 377 3023 λαβών·
406 2942 468 3022 ἔχω
492 2935 556 3022 γάρ
580 2936 642 3022 τὴν
666 2937 799 3021 γένεσιν
823 2933 945 3003 αὐτῶν.

456 3133 512 3198 Ad
535 3154 641 3217 prop.
664 3131 737 3197 XII.

162 3260 214 3323 96.
256 3262 362 3323 Τοῦτο
386 3251 451 3321 ἀπὸ
478 3258 537 3340 τῆς
563 3252 776 3340 ταντότητος,
806 3251 868 3321 οὐκ
895 3248 1105 3340 ἀντιστρέφει

92 3365 220 3449 μέντοι·
259 3359 300 3428 οὐ
327 3359 390 3447 γὰρ
418 3360 458 3426 τά
483 3356 640 3444 ἀλλήλοις
662 3358 833 3446 σύμμετρα
855 3359 910 3426 καὶ
933 3361 979 3449 τῷ
1002 3356 1105 3450 αὐτῷ,
1124 3380 1158 3429 25

164 3562 207 3610 ει.
227 3554 326 3624 τιν’).
400 3561 442 3610 οε.
462 3553 492 3607 Ρ.
566 3559 608 3608 οε.
628 3552 723 3622 Ρνες.

163 3736 187 3785 1.
212 3726 358 3785 άναλνθεί
390 3730 425 3784 V.
517 3721 587 3795 &ff
602 3761 636 3771 ·-
655 3734 680 3785 2.
699 3724 805 3801 λεπτά]
829 3726 869 3791 εἰς
893 3726 960 3784 ἕκτα
984 3727 1034 3782 καλ
1059 3725 1104 3782 δέ·

90 3821 165 3856 κατα
183 3800 216 3856 V.
291 3806 332 3856 18.
352 3801 459 3872 ορθώς]
479 3819 520 3870 sq.
539 3817 596 3856 non
613 3800 757 3870 intellego.
831 3805 873 3854 19.
893 3796 998 3869 ἐρρέθη
1017 3797 1047 3855 P.

897 3887 956 3941 w
