2414 4236
220 455 377 508 SOHOLIA
395 457 435 508 IN
452 456 727 508 ELEMENTORUM
744 456 883 507 LIBRUM
896 457 919 512 1.
1007 455 1068 520 191

55 599 274 682 κνλινδρικής
306 596 415 676 ἕλικος
447 597 503 663 καὶ
530 599 598 664 τῶν
625 607 779 665 κωνικῶν
806 599 977 683 γραμμῶν.
1022 597 1070 664 λε’-

56 728 196 788 γομεν,·
210 699 262 770 ὅτι
289 702 345 769 καλ
372 714 442 770 τῶν
470 699 552 787 πρὸς
578 716 745 790 γραμμαῖς
771 707 919 771 τοπικῶν
945 700 1071 790 τὰμὲν

57 809 217 876 ἐπίπεδον
243 812 310 894 ἔχει
337 809 458 893 τόπον,
485 808 526 875 τά
554 808 591 876 δὲ
619 807 763 897 στερεόν.
809 808 847 876 τὸ
874 813 992 876 τοίνυν
1020 808 1069 876 λε’

55 914 218 1001 θεῶρημα
231 913 371 982 τοπικόν
385 917 477 983 ἐστιν
494 916 550 982 καὶ
563 919 632 1002 τῶν
646 913 730 1002 πρὸς
742 927 909 1002 γραμμαῖς
922 925 1069 982 τοπικῶν

55 1021 112 1088 καί
137 1023 302 1088 ἐπίπεδον.
347 1018 386 1088 τὸ
415 1019 480 1106 γὰρ
508 1020 630 1107 μεταξὺ
657 1025 727 1088 πᾶν
755 1025 823 1088 τῶν
845 1019 1068 1108 παραλλήλων
1106 1040 1122 1087 5

53 1125 157 1206 τόπος
184 1127 253 1194 ἐστὶ
280 1130 350 1193 τῶν
378 1128 630 1213 συνισταμένων
657 1128 710 1194 ἐπὶ
733 1130 790 1212 τῆς
816 1125 918 1212 αὐτῆς
941 1125 1069 1212 βάσεως

54 1231 421 1320 παραλληλογράμμων,
444 1229 465 1300 ά
491 1231 531 1319 δή
551 1237 724 1301 δείκνυσιν
745 1230 763 1300 ὁ
783 1230 994 1320 στοιχειωτής
1013 1240 1069 1299 ίσα

55 1339 221 1427 ἀλλήλοις.
254 1344 337 1408 ἔστω
358 1340 395 1408 δὲ
414 1339 624 1427 παράδειγμα
638 1349 706 1407 τῶν
721 1343 864 1427 στερεῶν
879 1339 1069 1424 λεγομένων

54 1450 202 1515 τοπικῶν
224 1445 456 1532 θεωρημάτων
478 1445 516 1513 τὸ
539 1458 707 1514 τοιοῦτον·
744 1446 784 1514 τὰ
813 1451 862 1523 εἰς
884 1443 943 1524 τὰς
965 1443 1068 1530 άσυμ·

56 1551 208 1632 πτῶτους
230 1547 284 1619 καί
306 1551 370 1639 τήν
393 1549 585 1638 ὑπερβολήν
608 1551 842 1639 έγγραφόμενα
861 1549 1068 1639 παραλληλό-
1088 1569 1122 1619 10

56 1684 195 1745 γραμμα
226 1666 281 1727 λσα
313 1661 412 1727 ἐστίν.
459 1657 479 1744 ή
507 1658 571 1744 γάρ
600 1656 769 1745 ὑπερβολὴ
796 1656 911 1743 στερεὰ
935 1654 1068 1744 γραμμή

57 1767 162 1832 ἐστιν·
184 1763 298 1832 κῶνον
321 1763 385 1849 γάρ
409 1765 477 1831 ἐστι
501 1763 645 1850 γραμμή.
686 1762 824 1832 τοπικὸν
849 1756 911 1832 οὖν
933 1775 1068 1850 πρῶτον

56 1869 217 1958 θεῶρημα
236 1869 255 1938 ὁ
276 1869 487 1956 στοιχειωτής
506 1868 673 1955 ἀνέγραψε
692 1869 729 1938 τὸ
743 1877 973 1958 προκείμενον.
999 1875 1068 1938 ἔστι

58 1974 96 2043 δὲ
118 1978 217 2044 τοῦτο
240 1976 357 2044 καὶτὸ
381 1977 547 2064 περὶτῶν
570 1975 744 2063 τριγῶνων
768 1978 842 2063 ἑξῆς
868 1989 937 2045 τῶν
964 2001 1068 2065 παρα-

59 2080 170 2161 δόξων
202 2083 239 2149 έν
268 2095 339 2162 τοῖς
370 2085 545 2169 μαθήμασι
577 2084 793 2168 καλουμένων
825 2084 1067 2171 θεωρημάτων·
1090 2101 1121 2151 15

57 2186 274 2274 καταπλήττει
287 2187 352 2275 γάρ
362 2185 442 2266 τοὺς
450 2187 596 2266 πολλοὺς
610 2186 727 2272 εὐθύς,
743 2191 773 2254 εί
785 2186 822 2254 τὸ
835 2192 939 2273 μῆκος
948 2196 1068 2257 πολλα-

56 2293 323 2380 πλασιαζόμενον
348 2292 410 2362 οὐκ
433 2292 568 2380 ἀναιρεῖ
589 2293 651 2378 τήν
680 2291 815 2377 ίσότητα
843 2296 922 2360 τῶν·
936 2299 1069 2379 χωρίων

56 2404 115 2484 τής
134 2396 237 2485 αὐτῆς
254 2401 381 2484 βάσεως
399 2397 510 2484 οὔσης.
544 2401 655 2467 ίστέον
669 2397 745 2484 γάρ,
766 2397 828 2482 ὅτι,
848 2398 916 2488 ὅσῳ
931 2396 1070 2478 ἀνίσους

55 2516 221 2593 ποιοῦμεν
242 2503 302 2585 τὰς
325 2511 459 2591 γωνίας,
482 2505 633 2596 τοσούτω
657 2513 786 2593 μᾶλλον
810 2507 1010 2592 έλαττοῦμεν
1028 2503 1069 2572 τά

55 2618 171 2698 χωρία.
217 2615 368 2681 ἐνταῦθα
397 2611 460 2698 μὲν
487 2604 550 2680 οὖν
574 2612 686 2699 έπειὸή
715 2613 790 2698 περὶ
819 2610 1068 2700 εὐθυγράμμων
1087 2632 1124 2682 20

57 2715 76 2786 ὁ
99 2717 216 2803 λόγος,
243 2717 362 2786 τοπικὰ
390 2723 622 2807 παραδίδωσιν
646 2721 783 2787 ἐπίπεδα
805 2718 889 2805 πρὸς
912 2719 1067 2801 εὐθείαις.

55 2827 93 2893 έν
112 2824 150 2893 δὲ
169 2835 215 2915 τῶ
234 2827 269 2910 γ’
283 2829 401 2913 βιβλίῳ
419 2825 459 2891 τὰ
479 2825 552 2913 περὶ
572 2825 704 2894 κύκλων
722 2829 863 2894 καὶτῶν
882 2831 919 2895 ἐν
937 2829 1069 2907 τούτοις

56 2929 311 3018 συμπτωμάτων
338 2930 651 3016 πραγματευόμενος
678 2931 716 3000 τά
740 2931 824 3018 πρὸς
845 2940 1069 3020 περιφερείαις

54 3035 141 3124 ἡμᾶς
164 3034 360 3116 άναδιῶάξει
382 3035 510 3102 τοκικά.
546 3043 701 3104 τοιοῦτον
719 3038 784 3123 γὰρ
804 3040 840 3106 έν
860 3041 998 3118 έκείνοις
1015 3039 1068 3107 τό·

56 3145 94 3210 αί
114 3144 152 3210 έν
174 3145 220 3233 τῷ
244 3137 335 3233 αὐτῷ
358 3132 496 3228 τμήματι
518 3148 639 3227 γωνίαι
658 3150 727 3209 ίσαι
746 3140 915 3230 ἀλλήλαις,
938 3147 993 3212 καὶ
1016 3147 1067 3212 τό·
1087 3167 1123 3217 25

57 3251 95 3315 αί
115 3250 153 3316 έν
175 3244 360 3339 ἡμικυκλίῳ
390 3245 501 3336 ὀρθαί.
549 3245 695 3336 ἀπείρων
722 3248 785 3336 γὰρ
815 3255 1066 3337 συνισταμένων

56 3351 141 3440 πρὸς
161 3358 201 3444 τῇ
225 3360 419 3444 περιφερείᾳ
441 3358 576 3440 γωνιῶν
598 3360 656 3441 τής
680 3354 782 3442 αὐτῆς
809 3355 937 3443 βάσεως
966 3356 1068 3443 οὔσης

57 3464 163 3528 πᾶσαι
186 3465 378 3529 δείκνυνται
403 3469 482 3547 ίσαι,
506 3467 564 3528 καί
585 3465 670 3529 είσιν
694 3460 843 3548 άνάλογα
867 3464 975 3530 ἐκεῖνα
999 3479 1068 3543 τοῖς

55 3565 233 3652 τριγῶνοις
254 3568 307 3634 καλ
333 3566 690 3655 παραλληλογράμμοις
713 3582 783 3648 τοῖς
806 3570 858 3636 ἐπὶ
881 3573 939 3655 τής
967 3567 1068 3656 αὐτῆς

132 3734 155 3782 1.
175 3725 273 3791 ῗλνκος
290 3726 328 3797 V,
349 3745 417 3784 corr.
437 3747 474 3783 m.
494 3744 548 3784 rec.
629 3734 654 3783 4.
673 3726 804 3800 τοπικόν]
824 3725 856 3784 τὸ
875 3727 991 3784 τοπικόν
1010 3729 1067 3799 Vq.

96 3801 138 3852 18.
157 3794 253 3872 οὔσης]
274 3817 311 3854 m.
330 3809 390 3856 rec?
404 3799 438 3871 V,
458 3817 510 3855 om.
531 3817 549 3867 q
568 3799 669 3854 lacuna
687 3799 795 3854 relicta.
