2414 4236
238 502 395 556 εοιιοιιε
412 502 452 556 m
469 503 744 556 ωιιιιιωιιτοιιιιιι
761 505 900 557 maun
913 505 936 559 1.
1024 502 1089 568 173

73 643 116 712 δέ
139 640 242 730 οὔσης
263 646 326 731 τῆς
346 644 474 723 θέσεως
500 648 569 712 τῶν
598 641 743 714 εὐθειῶν
771 645 808 712 ἐκ
836 645 1028 732 διαιρέσεως
1055 646 1089 726 ἓξ

73 749 117 817 τὰ
146 748 255 818 πάντα
283 748 525 836 συμπτώματα,
558 742 608 819 ῶν
635 756 712 838 τρία
739 750 828 837 μόνα
858 748 875 819 ὁ
904 750 1090 838 γεωμέτρης

75 860 186 942 ἔλαβε,
207 861 284 944 τρία
307 855 347 924 δὲ
367 859 525 943 παρῆκεν.

148 966 221 1031 102.
247 960 345 1031 Μετὰ
359 960 397 1030 τὸ
412 963 488 1050 περὶ
501 967 569 1031 τῶν
582 963 758 1050 τριγώνων
773 960 819 1042 ῶς
835 965 871 1031 έν
886 962 1090 1049 στοιχειώσει

73 1073 299 1156 διαλεχθῆναι
317 1074 508 1156 μεταβαίνει
526 1071 627 1137 πάλιν
647 1069 700 1136 ἐπὶ
717 1067 779 1155 τὴν
796 1073 864 1136 τῶν
883 1075 1087 1156 παραλληλο·
1126 1092 1143 1141 ο

71 1179 238 1264 γριίμμων
262 1177 443 1257 ἐπίσκεψιν.
489 1176 545 1243 καλ
568 1178 700 1263 ἐπείπερ
723 1173 896 1243 ἀδύνατον
917 1167 961 1262 ἦν
985 1179 1089 1242 εἰπεῖν

71 1309 105 1350 τι
130 1282 207 1370 περὶ
229 1278 344 1351 αὐτῶν
366 1283 467 1371 χωρίς
489 1284 559 1350 τῶν
581 1283 819 1370 παραλλήλων,
847 1285 904 1349 διὰ
926 1286 1027 1349 τοῦτο
1050 1281 1091 1348 τὰ

72 1392 310 1475 συμβαίνοντα
345 1389 511 1477 πρότερον
547 1390 623 1476 περὶ
661 1387 721 1468 τὰς
758 1387 915 1467 τοιαύτας
956 1384 1091 1466 εὐθείας

74 1505 213 1581 θεωρεῖ.
257 1495 368 1563 ίστέον
392 1498 445 1582 δέ,
473 1494 525 1564 ὅτι
546 1494 607 1575 τὰς
629 1494 766 1574 εὐθείας
792 1493 838 1574 ῶς
866 1496 903 1562 ἐν
931 1494 1091 1580 ἑνλλαμ-

74 1600 176 1687 βῶνει
200 1600 355 1692 ἐπιπέδῳ,
383 1602 454 1669 ἐπεὶ
476 1602 532 1669 καλ
554 1600 665 1669 πάντα
687 1599 727 1668 τὰ
752 1600 968 1688 θεωρήματα,
996 1600 1030 1680 ἓξ
1054 1598 1091 1667 δὲ
1112 1623 1145 1673 10

73 1705 330 1794 συμπτωμάτων
352 1708 542 1794 γινομένων
565 1713 634 1776 τῶν
656 1707 793 1775 πάντων
821 1707 896 1795 περὶ
923 1704 981 1785 τὰς
1008 1728 1090 1793 παρ-

72 1811 245 1900 αλλήλους
265 1811 325 1892 τὰς
345 1827 435 1896 τρεῖς
456 1813 563 1900 μόνας
586 1816 752 1882 ἐκτίθεται
776 1811 821 1893 ῶς
843 1808 887 1881 ἂν
906 1815 941 1881 ἐκ
959 1811 1090 1881 τούτων

71 1919 132 1987 καί
153 1922 223 1988 τῶν
246 1922 374 1987 λοιπῶν
395 1923 500 2007 τριῶν
519 1916 736 1988 εὐσυνόπτων
756 1916 878 1989 οὐσῶν.
912 1917 1091 2006 ληψόμεθα

75 2025 116 2093 δὲ
138 2020 160 2111 ἣ
183 2025 237 2093 ἐπὶ
254 2024 295 2093 τὰ
315 2024 400 2094 αὐτὰ
419 2026 503 2114 μέρη
522 2027 581 2107 τὰς
598 2033 723 2112 γωνίας
740 2023 761 2112 ἦ
781 2024 843 2095 οὐκ
861 2027 915 2094 ἐπὶ
932 2027 973 2094 τὰ
994 2024 1090 2111 αὐτοὶ,

74 2130 136 2198 καί
157 2135 188 2198 εί
208 2131 262 2200 ἐπὶ
284 2130 325 2199 τὰ
349 2130 446 2219 αὐτοί,
468 2129 490 2217 ἦ
514 2131 705 2221 ἀμφοτέρας
728 2133 822 2213 ἐντὸς
844 2136 912 2202 τῶν
931 2134 1090 2218 εὐθειῶν,
1111 2156 1144 2205 11

72 2233 117 2318 ἃς
141 2233 381 2305 ἀποδείκνυσιν
401 2235 419 2305 ὁ
444 2237 544 2324 λόγος
565 2239 810 2327 παραλλήλους,
833 2234 854 2324 ἢ
878 2237 979 2327 ἄμφω
998 2242 1092 2317 έκτος

70 2340 96 2430 ἢ
120 2342 185 2430 τὴν
202 2342 264 2430 μὲν
284 2341 389 2429 έντός,
412 2343 474 2429 τὴν
493 2345 531 2412 δὲ
549 2346 653 2430 έκτός,
675 2345 730 2412 καὶ
750 2349 781 2412 εί
798 2346 843 2430 μὴ
864 2344 916 2412 ἐπὶ
934 2342 975 2412 τὰ
994 2342 1091 2429 αὐτά,

72 2448 178 2517 πᾶλιν
201 2446 369 2530 ὡσαύτως.
407 2450 528 2536 ἑξαχῶς
551 2443 615 2518 οὖν
639 2451 904 2538 λαμβανομένων
922 2454 991 2519 τῶν
1010 2469 1091 2536 συμ

72 2554 263 2643 πτωμάτων
289 2560 366 2642 τρία
394 2556 579 2642 ἐπελέξατο,
608 2560 645 2624 ἓν
673 2557 734 2644 μὲν
758 2560 794 2626 ἐκ
815 2560 884 2625 τῶν
908 2554 952 2645 μὴ
976 2556 1028 2624 ἐπὶ
1051 2554 1091 2623 τὰ

69 2658 174 2748 αὐτά,
198 2663 262 2730 δύο
282 2661 320 2730 δὲ
339 2664 461 2731 ἐκτῶν
485 2663 538 2729 ἐπὶ
560 2661 600 2729 τὰ
623 2662 720 2749 αὐτοί,
745 2665 780 2731 έκ
803 2663 864 2750 μὲν
886 2666 955 2731 τῶν
975 2661 1019 2750 μὴ
1039 2662 1092 2730 ἐπὶ
1110 2686 1146 2735 κο

70 2766 116 2837 τὰ
136 2766 222 2837 αὐτὰ
243 2770 326 2856 μέρη
339 2772 409 2837 τῶν
423 2766 518 2848 ἐντὸς
531 2773 729 2856 ληφθεισῶν
743 2769 863 2857 μόνον,
882 2765 922 2849 ἃς
936 2769 1091 2837 ἐκάλεσεν

70 2874 237 2960 ἐναλλάξ,
266 2877 303 2943 ἐκ
330 2875 369 2943 δὲ
395 2878 465 2942 τῶν
492 2875 546 2941 ἐπὶ
568 2873 609 2942 τὰ
633 2873 718 2943 αὐτὰ
742 2877 824 2963 μέρη
848 2880 917 2943 τῶν
939 2903 974 2944 τε
998 2875 1093 2954 ἐντὸς

69 2980 290 3070 ἀμφοτέρων,
313 2977 354 3060 ἃς
377 2978 464 3048 είναι
488 2981 587 3048 δυσὶν
611 2980 730 3065 ὀρθαῖς
753 2991 827 3061 ίσας
845 2982 901 3048 καί
918 2979 981 3067 τὴν
1000 2979 1093 3060 ἐκτὸς

150 3179 210 3229 102.
230 3174 378 3231 PBFVat.
416 3173 468 3245 (είς
486 3174 518 3230 τὸ
537 3171 582 3242 κζ’
601 3176 713 3245 Πολ).

147 3358 176 3407 4.
195 3347 245 3424 ῶς]
263 3351 296 3418 Β,
315 3343 356 3406 ῶν
376 3348 453 3415 είκός
471 3351 599 3407 PFVat..
673 3360 696 3408 7.
720 3353 759 3425 τι]
780 3369 834 3407 om.
853 3353 911 3408 BF.
984 3348 1092 3425 αὐτῶν]

71 3422 135 3479 τῶν
152 3420 452 3494 παραλληλογράμμων
471 3423 502 3477 P.
585 3429 609 3477 9.
634 3419 869 3495 iv]0m.1·⁸vat.
953 3429 995 3478 12.
1019 3430 1093 3492 τρεῖς

71 3491 168 3566 μόνας
189 3490 353 3565 ἐκτίθεται]
384 3493 436 3564 μὲν
460 3499 535 3563 τρεῖς
558 3489 719 3563 ἐκτίθεται,
746 3493 959 3567 παραλιμπιίνει
983 3491 1014 3548 δέ
1043 3493 1094 3558 τὰς

74 3560 181 3628 λοιπάς
197 3566 230 3622 Ρ.
324 3571 365 3620 13.
388 3567 491 3619 καί-
511 3565 614 3637 τριῶν]
637 3560 779 3621 κάκείνων
803 3567 832 3621 Ρ.
926 3572 967 3622 14.
991 3559 1009 3636 ἢ
1030 3563 1093 3637 ἐπί]

70 3655 112 3692 πε
132 3634 191 3693 (P.
250 3632 737 3708 ιι.κα1ε1-αίιά]οω.11ιι.
794 3644 835 3692 17.
856 3633 948 3709 ἐντός]
969 3632 1047 3701 έκτός
1063 3639 1095 3692 Β.

128 3705 195 3771 κτός
228 3702 311 3770 έντός
329 3705 360 3763 Β.
403 3733 407 3741 ·
454 3713 495 3762 19.
515 3703 548 3762 ἐκ
566 3709 634 3779 τῶν]
655 3704 736 3772 έκτός
754 3709 823 3764 BF?
909 3715 953 3765 20.
973 3707 1004 3765 έκ
1024 3710 1093 3780 τῶν]

69 3774 157 3907 έιέἔός
239 3785 252 3835 1
325 3778 682 3850 εε.ιι1ι](α11.)ο1ι1ω.
755 3785 799 3833 23.
819 3776 910 3855 εἶναι]
928 3781 1103 3850 εινειναιῖ,

142 3866 215 3908 001⁹!-
