2414 4236
114 468 183 535 180
269 466 426 522 scnom
442 468 483 521 m
499 466 775 521 nmmonun
790 464 968 521 mum
1053 536 1056 541 .

113 606 203 677 εἶναι
227 606 444 697 παράλληλοι.
490 605 654 694 λαμβάνει
675 608 741 695 γδρ
759 604 824 675 δύο
847 602 910 695 μέν
932 600 1070 685 εὐθείας
1092 606 1130 673 έν

113 727 187 794 ταῖς
209 711 327 801 ἄκραις
349 715 514 801 κειμένας,
536 712 643 801 μέσην
666 710 705 781 δὲ
726 715 820 799 μίαν,
841 709 927 799 πρδς
942 706 988 799 ἢν
1005 712 1045 779 αί
1060 710 1132 781 έκα·

114 821 264 908 τέρωθεν
286 824 437 907 κείμεναι
458 845 522 909 την
545 816 667 907 ὁμοίαν
690 820 805 906 έχουσι
828 817 952 906 σχέσιν.

461 1015 518 1082 Ad
541 1036 647 1102 prop.
669 1013 789 1082 XXXI.

79 1163 96 1211 σ
183 1140 258 1207 110.
287 1135 343 1205 Ἐν
366 1138 428 1226 μὲν
449 1150 521 1219 τοῖς
543 1138 751 1225 προλαβοῦσι
773 1133 972 1224 θεωρήμασι
989 1132 1031 1202 τὰ
1048 1132 1130 1203 καθ’

114 1240 199 1313 αὕτα
227 1240 422 1332 ὑπάρχοντα
447 1257 520 1325 ταῖς
548 1243 773 1330 παραλλήλοις
799 1239 952 1325 εὐθείαις
978 1241 1132 1322 ἐδίδαξεν

113 1350 203 1438 ἡμᾶς
232 1346 251 1417 ὁ
278 1347 503 1437 στοιχειωτής,
536 1349 574 1416 έν
606 1346 644 1416 δὲ
674 1349 721 1437 τῷ
749 1347 805 1414 λα’
827 1345 1037 1436 προβλήματι
1059 1344 1134 1416 ἄντι

115 1452 224 1543 αὐτήν
246 1451 309 1541 τήν
331 1454 464 1541 γένεσιν
482 1457 551 1521 τῶν
569 1444 798 1539 παραλλήλων
813 1452 967 1522 διδάσκει
986 1450 1044 1521 διᾶ
1062 1456 1134 1521 τῶν

116 1564 348 1649 γεωμετρικῶν
371 1558 531 1647 μεθόδων
549 1558 605 1627 καλ
626 1562 790 1645 δείκνυσι,
812 1569 883 1640 πῶς
900 1564 1028 1647 γίνεται
1046 1556 1133 1645 ἄλλη

66 1692 100 1741 10
118 1668 237 1736 εὐθεῖα
259 1665 472 1753 παράλληλος
494 1663 589 1754 ἄλλη.
625 1666 726 1733 τοῦτο
745 1664 784 1733 δὲ
800 1679 900 1752 ποιεῖ,
922 1666 1037 1753 ἐπειδή
1055 1670 1143 1734 πολ·.

117 1777 222 1861 λαγοῦ
246 1775 285 1839 αί
304 1772 451 1858 γενέσεις
465 1771 694 1861 αρανεστέραν
711 1768 794 1859 ἡμῖν
810 1776 948 1840 ποιοῦσι
964 1775 1036 1840 τῶν
1053 1768 1135 1841 ὐπο-

117 1878 283 1964 κειμένων
300 1876 364 1965 τήν
383 1876 513 1947 οὐσίαν.
551 1888 692 1965 σημείου
708 1875 774 1965 γᾶρ
793 1877 907 1964 λαβὼν
919 1876 976 1945 καί
994 1873 1135 1947 εὐθεῖαν

118 1983 193 2070 ἄγει
217 1982 273 2050 διὰ
296 1988 358 2051 τοῦ
382 1989 522 2071 σημείου
545 1987 585 2072 τῇ
609 1979 728 2074 εὐθείᾳ
750 1982 976 2073 παράλληλον.
1022 1987 1077 2052 δεῖ
1098 1982 1136 2052 δέ

118 2092 359 2177 προειληφέναι
373 2087 471 2177 ἡμᾶς,
486 2087 538 2158 ἄτι
551 2088 590 2157 τὸ
602 2103 742 2178 σημεῖον
757 2089 850 2169 ἐκτὸς
858 2089 991 2170 πάντως
1000 2100 1135 2158 κεῖσθαι

67 2219 100 2269 1ο
119 2198 178 2281 τῆς
205 2193 339 2276 εὐθείας
366 2195 562 2280 ἀναγκαῖον.
619 2194 659 2264 οὐ
687 2195 752 2283 γὰρ
780 2194 894 2284 ἐπειδὴ
922 2205 1050 2284 είρηται
1079 2194 1135 2264 διᾶ

121 2303 285 2382 δοθέντος
308 2308 462 2390 σημείου,
489 2304 545 2370 καί
574 2301 625 2371 ἐπ’
650 2300 753 2389 αὐτῆς
776 2300 895 2370 αὐτίκα
919 2313 977 2390 τῆς
1000 2299 1136 2382 εὐθείας

122 2406 287 2495 δώσομεν·
313 2405 437 2495 οὐγὰρ
461 2412 553 2477 ἔσται
576 2435 626 2488 τις
649 2407 733 2493 ἄλλη
756 2406 845 2495 παρὰ
870 2406 933 2494 τήν
956 2405 1095 2476 εὐθεῖαν
1116 2404 1136 2494 ἡ

122 2511 167 2580 δι’
199 2512 304 2582 αὐτοῦ
337 2514 506 2602 φερομένη
539 2513 760 2599 παράλληλος.
808 2518 945 2600 μερίσας
978 2506 1041 2582 οὐν
1073 2513 1136 2603 τὴν

122 2617 261 2687 εὐθεῖαν
279 2619 335 2685 καὶ
354 2619 392 2686 τὸ
412 2632 552 2704 σημεῖον
572 2618 751 2706 ἐδήλωσεν,
772 2616 823 2687 ὅτι
837 2618 874 2687 τὸ
891 2632 1030 2707 σημεῖον
1044 2620 1138 2702 έκτὸς

68 2749 103 2798 20
122 2722 307 2810 λαμβάνειν
330 2722 392 2811 χρὴ
416 2727 474 2810 τῆς
497 2721 643 2808 εὐθείας,
668 2722 748 2807 ὅπερ
767 2726 823 2792 καὶ
843 2727 895 2793 έπί
914 2730 972 2812 τῆς
990 2727 1137 2795 καθέτου

124 2834 179 2897 δια
205 2832 263 2915 της
285 2829 481 2916 προσθήκης
504 2829 609 2917 σαφὲς
632 2831 765 2917 ἐποίησε
789 2832 898 2918 λέγων
921 2830 974 2899 ἐπὶ
996 2832 1059 2919 τὴν
1084 2837 1137 2901 δο-

123 2944 245 3003 θεῖσαν
273 2933 413 3003 εὐθεῖαν
441 2933 582 3023 ἄπειρον
611 2933 675 3003 ἄπὸ
704 2941 766 3004 τοῦ
795 2936 959 3018 δοθέντος
987 2944 1138 3026 σημείου,

124 3037 142 3108 ὃ
171 3044 217 3129 μή
239 3043 330 3110 ἐστιν
358 3039 408 3111 ἐπ’
435 3039 551 3128 αὐτῆς,
578 3042 725 3110 κάθετον
754 3039 903 3130 ἄγαγελν.
948 3055 1047 3113 τοῦτο
1076 3045 1138 3132 μὲν

125 3139 188 3215 οὖν
201 3148 319 3217 κοινὸν
329 3147 530 3236 ἄμφοτέροις
543 3147 675 3229 τούτοις
687 3162 759 3229 τοῖς
767 3149 1012 3237 προβλήμασιν,
1023 3152 1139 3239 ἕτερον

71 3278 106 3327 25
126 3255 174 3340 δέ,
194 3252 244 3323 ὅτι
259 3252 325 3322 α’πὸ
340 3257 401 3322 τοῦ
415 3255 521 3322 αὐτοῦ
537 3261 677 3341 σημείου
691 3257 754 3323 δύο
768 3255 907 3325 κάθετοι
922 3254 984 3324 οὐκ
998 3256 1139 3344 ἄγονται

126 3360 178 3426 ε’πί
202 3359 265 3445 τήν
288 3357 394 3444 αὐτὴν
422 3358 579 3445 εὐθεῖαν,
606 3362 662 3429 καί
690 3359 747 3428 διὰ
775 3366 836 3429 τοῦ
864 3359 971 3431 αὐτοῦ
998 3371 1139 3451 σημείου

239 3488 338 3495 ——-

200 3552 259 3600 110.
279 3544 392 3615 v·(fq).

200 3711 242 3758 11.
260 3702 461 3778 τρανεστέραν]
480 3724 508 3775 q,
527 3705 642 3762 Proelus
655 3726 683 3776 p.
693 3713 754 3775 876,
771 3714 799 3773 13
818 3704 991 3776 τρανοτέραν
1005 3708 1038 3763 V.
1097 3715 1138 3763 16.

128 3798 241 3873 αὐτίκα]
260 3790 381 3872 αὐτᾶλί,
402 3797 481 3877 αὐτῷ
500 3800 516 3859 ἄ
536 3821 564 3872 q,
583 3798 655 3859 αὐτό
673 3802 787 3860 proclus
805 3823 834 3876 p.
854 3810 916 3871 376,
936 3810 960 3861 7.
