2414 4236
119 492 160 556 72
270 493 428 548 scflom
446 494 486 545 m
503 493 779 547 ammom
796 494 971 549 LIBRUHI.

114 640 259 722 πειρίαν,
282 631 358 704 ἀλλ’
385 631 477 724 όρᾷς,
501 632 553 702 ότι
576 638 687 703 αἰτίαν
710 632 773 703 οὐκ
795 640 873 723 ἔχει,
897 633 943 702 δι’
963 630 1008 722 ἣν
1030 654 1131 724 προσ-

116 740 285 828 αγόμενον
318 744 404 832 τῶδε
435 745 481 832 τῷ
514 741 619 809 πάθει
651 738 781 828 ῶφελεί.
831 742 891 810 ἐὰν
923 741 960 809 δέ
993 741 1131 828 ζητήσας

116 845 213 936 εῧρη,
242 845 290 916 ότι
316 847 395 914 τάδε
418 846 481 934 μὲν
502 848 541 915 τὸ
562 846 689 932 πάθος,
712 851 744 915 εἰ
764 846 875 936 τύχοι,
899 850 989 916 ἐστιν
1012 845 1130 935 ὑγρόν,

113 953 193 1022 τόδε
216 953 251 1022 δέ
273 952 312 1022 τὸ
332 953 511 1042 φάρμακον
535 952 650 1039 ξηρόν,
673 950 713 1020 τά
738 951 776 1020 δέ
794 953 930 1022 ἐναντία
948 958 1016 1022 τῶν
1035 956 1131 1023 ἐναυ-

80 1083 96 1132 5
114 1066 196 1128 τίων
221 1060 353 1147 ἰάματα,
378 1065 444 1148 ἔχει
462 1059 516 1126 καί
535 1057 599 1145 την
618 1062 741 1145 αἰτίαν,
763 1064 823 1126 καί
834 1061 904 1128 ἐστι
923 1057 960 1128 τὸ
974 1064 1131 1128 τοιοῦτον

114 1167 212 1253 τέχνη
235 1167 291 1234 καί
315 1166 469 1252 διαφέρει
491 1168 550 1250 τῆς
572 1164 742 1251 ἐμπειρίας
759 1168 805 1256 τῷ
823 1164 928 1252 λόγον
946 1165 1001 1234 καί
1021 1169 1132 1233 αἰτίαν

114 1278 239 1357 λαβεῖν.
277 1271 392 1358 ἐπειδὴ
416 1270 454 1339 δέ
477 1274 546 1339 τῶν
563 1269 723 1356 γνῶσεωυ
741 1270 873 1340 τούτων
892 1275 962 1340 τῶν
980 1274 1132 1360 ἐχουσῶν

114 1378 218 1464 λόγον
241 1382 279 1445 αἰ
300 1377 362 1465 μὲν
386 1374 493 1456 οὕτως
515 1380 662 1464 ἔχουσιν,
685 1374 730 1456 ῶς
752 1378 809 1445 καὶ
827 1374 889 1465 τὴν
909 1374 1132 1465 ὑποκειμένην

113 1483 200 1571 ὕλην
223 1480 382 1572 φθαρτὴν
406 1488 510 1570 ἔχειν,
534 1485 571 1549 αἰ
593 1481 631 1550 δὲ
653 1479 698 1564 ῶς
721 1481 863 1571 άείδιον,
885 1483 949 1571 τὴν
971 1483 1033 1572 μὲν
1055 1484 1132 1573 περὶ

63 1614 97 1664 10
115 1588 246 1659 άείδιον
268 1586 356 1676 ὕλην
378 1593 523 1677 ἔχουσαν
546 1587 730 1675 ἐπιστήμην
754 1586 987 1677 ὀνομάζουσιν,
1008 1588 1072 1677 τὴν
1094 1591 1133 1659 δὲ

114 1697 189 1784 περὶ
213 1692 372 1783 φθαρτὴν
394 1696 525 1782 τέχνην.
560 1693 601 1762 τά
621 1693 663 1782 δὴ
682 1694 864 1783 μαθήματα
883 1696 959 1766 οὔτε
973 1705 1132 1783 αίσδησις

14 1791 24 1835 '
56 1837 66 1858 ο
113 1801 305 1890 γιγνώσκει·
342 1804 489 1900 μερικῶν
520 1799 587 1888 γάρ
617 1803 798 1888 γνωστική·
838 1801 914 1872 οὔτε
946 1809 1096 1892 φαντασί
1122 1824 1130 1842 ·

30 1911 39 1931 ⁰
135 1909 170 1974 αἰ
184 1905 249 1993 γὰρ
263 1905 347 1993 αὕτη
367 1910 512 1994 μερικῶν
532 1910 600 1976 ἐστι
618 1906 798 1994 γνωστική,
817 1913 849 1976 εἰ
864 1910 921 1977 καὶ
940 1908 1035 1990 ἐντὸς
1053 1907 1131 1999 ὁρᾷ·

115 2009 189 2080 ἀλλ’
213 2009 289 2080 οὔτε
312 2026 425 2100 πεῖρα·
449 2012 553 2099 λόγον
577 2012 641 2100 γάρ
664 2014 719 2081 καί
742 2018 854 2082 αἰτίαν
877 2013 940 2083 οὐκ
964 2020 1029 2103 ἔχει
1048 2013 1133 2101 πρὸς

64 2143 97 2191 ιο
116 2123 161 2210 τῷ
186 2117 269 2205 μηδὲ
296 2116 335 2187 τὸ
362 2117 442 2187 καθ’
469 2117 553 2188 όλου
579 2118 771 2206 γινῶσκειυ·
810 2119 886 2189 οὔτε
914 2124 1066 2209 ἐμπειρία
1094 2121 1131 2190 δὲ

117 2225 194 2293 οότε
226 2226 338 2312 τέχνη·
380 2224 444 2312 ὕλη
478 2224 543 2313 γάρ
576 2230 645 2294 τῶν
677 2226 886 2313 μαθημάτων
919 2224 1045 2308 άείδιος
1075 2228 1129 2294 καί

115 2333 255 2401 ἑστῶσα.
289 2337 434 2400 λείπεται
453 2331 519 2418 άρα
539 2332 799 2419 ἐπιστημονικην
818 2330 904 2401 εἶναι
922 2334 985 2420 τὴν
1003 2337 1131 2420 γνῶσιν

117 2438 239 2508 αὐτῶν.
287 2439 370 2507 ῶστε
398 2445 581 2527 γεωμετρία
610 2439 678 2507 ἐστί
706 2437 727 2524 ἡ
755 2443 886 2524 γνῶσις.
935 2441 990 2507 καί
1018 2439 1131 2526 ἐπειδὴ

117 2544 194 2613 οὔτε
218 2546 346 2626 ἔξωθέν
371 2547 439 2613 ἐστι
462 2543 640 2631 γνωστική,
665 2542 741 2612 οὔτε
764 2549 910 2632 μερικῶν
927 2545 1132 2632 πραγμάτων

63 2673 99 2723 20
118 2648 195 2718 οὔτε
218 2648 342 2717 ὁλικῶν
365 2651 443 2736 μέν,
471 2648 554 2717 ἄνευ
577 2648 615 2716 δὲ
638 2654 759 2735 αἰτίας,
786 2646 807 2736 ἢ
836 2647 959 2719 όλικῶυ
986 2650 1047 2738 μέυ
1075 2652 1131 2718 καὶ

116 2753 184 2843 μετ’
211 2759 333 2838 αἰτίας,
365 2755 441 2839 περί
469 2751 605 2841 φθαρτά
640 2756 692 2839 δέ,
725 2769 867 2824 ποιεῖται
898 2755 961 2843 τήν
988 2761 1129 2844 γνῶσιν·

116 2862 190 2948 περὶ
209 2862 273 2949 γάρ
292 2857 414 2928 άείδια·
439 2858 574 2940 εἰκότως
593 2864 721 2945 γνῶσιν
739 2860 847 2948 αὐτὴν
866 2867 920 2930 δεῖ
935 2866 1044 2950 λέγειν
1064 2868 1130 2933 ἐπι-

117 2966 338 3055 στημονικήν,
375 2969 433 3033 ’ίυα
465 2971 660 3053 χωρίσωμεν
693 2967 896 3055 αἰσθήσεως,
933 2978 1130 3057 φαντασίας,

116 3081 241 3160 πείρας,
257 3076 437 3163 ἐμπειρίας,
451 3074 578 3160 τέχνης,
592 3074 667 3160 περὶ
682 3072 831 3160 σχήματα
846 3081 998 3163 ἔχουσαν.
1016 3079 1129 3166 ἐπειδὴ

65 3203 98 3252 25
118 3180 155 3249 δὲ
170 3179 212 3249 οὐ
226 3184 332 3267 μόνον
344 3179 418 3268 περὶ
434 3177 585 3266 σχήματα
599 3183 676 3267 ἔχει,
695 3178 778 3248 άλλὰ
793 3181 848 3248 καί
863 3182 937 3267 περὶ
953 3186 1131 3269 διαιρέσεις

117 3285 229 3354 αὐτῶν
256 3287 311 3352 καί
340 3286 531 3369 συνθέσεις,
559 3284 694 3366 εἰκότως
723 3288 857 3356 λεκτέον
882 3290 957 3375 περὶ
980 3292 1130 3378 σχήματα

116 3393 172 3459 καί
200 3396 240 3459 τά
267 3390 397 3459 τούτων
425 3391 534 3478 πάθη,
567 3391 690 3478 λόγους
716 3420 751 3460 τε
777 3394 833 3461 καί
865 3398 1042 3476 συνθέσεις
1073 3398 1126 3465 καί

117 3498 303 3583 διαιρέσεις.
348 3498 404 3565 καί
427 3489 525 3579 οὗτος
547 3498 609 3587 μὲν
633 3496 712 3585 ὅρος
734 3505 792 3587 τῆς
819 3508 1034 3588 γεωμετρίας,
1066 3501 1130 3591 τὴν

117 3603 154 3670 δὲ
181 3603 367 3689 γενομένην
390 3603 493 3692 αὐτῆς
516 3607 668 3674 ἐπίδοσιν
696 3607 822 3691 ἰστέον,
852 3603 897 3686 ῶς
920 3612 1062 3693 ἐφαμεν,
1091 3611 1128 3677 ἐν

188 3838 230 3887 18,
247 3829 278 3903 ἡ]
299 3836 471 3903 corruptum
491 3836 555 3889 fort.
574 3854 623 3897 τις.
696 3838 739 3889 21.
758 3831 890 3906 φθαρτά]
909 3831 1056 3905 ἄφθαρτα.
