2414 4236
216 510 373 564 SOHOLIA
391 511 430 562 IN
447 510 722 563 ELmOENTORUM
739 509 879 562 LIBRUM
892 511 925 565 V.
1012 507 1075 574 311

433 706 490 771 Ad
513 729 616 791 prop.
640 705 711 772 XV.

132 833 183 897 72.
217 825 289 896 Ἐπὶ
312 826 429 915 μόνων
452 826 634 915 ὁμογενῶν.

132 939 183 1004 73.
221 929 305 1003 Οἷον
329 931 347 1002 6
371 946 392 1021 ἦ
415 933 499 1019 πρὸς
520 933 581 1002 τὸν
605 924 626 1002 6
653 933 714 1002 τὸν
742 932 846 1002 αὐτὸν
873 937 938 1022 ἔχει
961 931 1078 1020 λόγον,

62 1039 105 1112 ὃν
124 1039 143 1110 6
159 1046 178 1113 ξ
196 1039 280 1128 πρὸς
297 1041 358 1108 τὸν
373 1047 405 1127 γ’
430 1038 615 1128 άμφύτεροι
634 1038 813 1108 διπλάσιον
831 1044 945 1128 έχουσι
959 1039 1077 1125 λόγον·

61 1139 475 1236 μέρηθλὸὡκαὶὶγ,
504 1143 1130 1233 ὁμὲντοΐῆ,ὁθὲτούξ,ναλο

64 1250 105 1323 ὡν
128 1252 232 1340 λόγον
255 1259 368 1343 ἔχουσι
387 1252 428 1321 τὰ
447 1251 520 1339 ὅλα,
544 1245 619 1321 οἷον
638 1249 656 1321 6
677 1250 763 1321 ὀκτὼ
783 1250 867 1338 πρὸς
883 1250 945 1321 τὸν
963 1259 993 1338 ξ,
1016 1250 1077 1320 τὸν

62 1358 168 1429 αὐτὸν
191 1360 246 1428 καί
270 1359 309 1428 τὰ
335 1352 357 1427 6
379 1359 463 1450 πρὸς
485 1357 525 1427 τά
548 1380 581 1447 γ
611 1360 759 1445 ἐπίτριτα
780 1358 846 1448 γὰρ
869 1355 978 1445 ἄμφω.

131 1470 182 1534 74.
219 1467 318 1555 Μέρη
341 1465 381 1535 τά
405 1473 482 1535 ΛΗ
499 1465 555 1534 καὶ
579 1471 662 1532 ΔΚ·
693 1468 783 1533 ἔστιν
806 1456 871 1534 ούν
894 1463 993 1551 λύγος
1015 1467 1077 1533 τοῦ

62 1579 141 1640 ΑΗ
157 1570 241 1658 πρὸς
263 1575 301 1641 τὸ
322 1580 404 1660 ΛΚ,
428 1569 469 1641 ὃν
493 1578 559 1660 ἔχει
577 1571 614 1641 τὸ
636 1577 701 1639 ΑΒ
723 1569 808 1658 πρὸς
825 1568 863 1638 τὸ
883 1577 962 1657 ΔΕ,
984 1594 1076 1637 τουτ·

62 1681 132 1749 έστι
154 1689 216 1748 τοῦ
238 1680 362 1766 μέρους
385 1678 467 1767 πρὸς
488 1678 526 1746 τὸ
550 1679 661 1765 μέρος,
684 1675 703 1746 6
726 1674 828 1758 αύτός
850 1678 919 1746 έστι
937 1677 993 1744 καὶ
1015 1678 1076 1745 τοτ’
1097 1697 1130 1746 10

62 1783 145 1855 ὅλου
167 1784 252 1872 πρὸς
273 1783 311 1854 τὸ
337 1783 440 1869 ὅλον.1
475 1781 601 1852 ούιιοῦν
628 1783 684 1851 καί
711 1781 751 1851 τά
782 1780 844 1851 ὅλα
871 1794 941 1862 τοῖς
963 1782 1077 1869 μέρεσι

60 1891 122 1962 τὸν
146 1889 251 1961 αὐτὸν
275 1897 341 1981 ἔχει
363 1890 478 1978 λύγον.

130 2002 181 2066 75.
219 1994 363 2085 Δοκεϊη
382 2002 514 2079 ἔκθεσις
532 2000 593 2065 τοῦ
612 1995 778 2085 παρόντος
796 1994 839 2064 ιε’
857 1994 1077 2084 θεωρήματος

62 2101 107 2190 μὴ
127 2116 324 2189 συμφωνεῖν
342 2106 382 2193 τῇ
396 2103 567 2190 προτάσει·
590 2100 612 2191 ἡ
627 2101 767 2191 μὲνγὰρ
781 2100 941 2189 πρότασίς
960 2121 1076 2188 φησιν,

63 2207 115 2277 ὅτι
138 2213 251 2297 έχουσι
274 2208 379 2294 λόγου
396 2207 435 2276 τὰ
453 2210 537 2297 μέρη
555 2213 624 2277 τῶν
642 2208 800 2289 ὡσαύτως
817 2213 1076 2276 πολλαπλασίων
1096 2227 1129 2276 1ο

61 2318 123 2385 τὸν
155 2310 261 2383 αύτόν
289 2310 446 2401 ἀλλήλοις
472 2317 647 2404 ληφθέντα
671 2313 873 2401 κατάλληλα,
904 2315 1076 2381 τουτέστιν

62 2421 163 2490 ὁποία
190 2421 273 2508 μέρη
301 2417 422 2490 ὁποίου
450 2425 701 2491 πολλαπλασίου
727 2422 874 2489 τεθὼσιν
904 2415 1076 2505 ἡγούμενα

61 2527 295 2616 λαμβάνεσθαι
318 2525 370 2597 άεὶ
391 2526 574 2616 ἡγούμενα,
597 2529 637 2595 τὰ
661 2527 698 2596 δέ
716 2530 777 2595 τοῦ
796 2527 911 2615 ἑτέρου
929 2523 981 2593 άεί
1002 2523 1075 2593 ἑπό-

60 2661 154 2723 μενα.
199 2631 283 2720 ἡδὲ
306 2639 440 2715 ἔνθεσίς
462 2652 583 2721 φησιν,
616 2631 667 2701 ὅτι
695 2634 780 2720 λέγω
809 2629 854 2712 ὡς
875 2634 913 2700 τὸ
938 2636 970 2698 Γ
992 2633 1076 2720 πρὸς

59 2769 97 2811 το
119 2748 157 2827 Ζ,
181 2737 289 2820 οὕτως
306 2742 343 2808 τὸ
363 2746 430 2808 ΑΒ
454 2739 538 2826 πρὸς
555 2738 593 2808 τὸ
613 2747 691 2826 ΛΕ,
715 2743 863 2808 θωιούσα
882 2741 1011 2824 δηλοῦν
1030 2734 1076 2818 ὡς
1094 2756 1129 2806 20

21 2930 25 2937 Ι
60 2845 226 2933 ἑπόμενον
245 2867 329 2933 προς
347 2843 524 2931 ἑπόμενον,
543 2842 649 2925 οὕτως
666 2841 858 2930 ἡγούμενον
875 2844 961 2927 πρὸς
973 2839 1076 2929 ἡγού-

61 2976 174 3038 μενον.
210 2947 294 3018 ὡστε
312 2961 382 3032 πῶς
401 2947 462 3019 ούκ
476 2947 520 3018 ἂν
535 2953 633 3019 δοκοί
643 2960 683 3039 τῇ
696 2951 854 3035 προτάσει
870 2945 1076 3035 ἀσύμφωνος

60 3053 250 3143 ἡέαθεσιςς
287 3051 362 3124 ἀλλ’
383 3052 589 3143 άσύμφωνος
611 3057 673 3143 μέν
697 3057 788 3125 έστιν
815 3055 999 3142 νοονμένη,
1030 3052 1076 3135 ὡς

60 3167 200 3246 είρηται,
223 3175 402 3248 συμφωνεῖ
418 3160 455 3229 δὲ
473 3164 654 3250 υοουμένη,
677 3159 722 3243 ὡς
740 3160 933 3249 ῥηθήσεται.
960 3165 992 3230 εί
1008 3165 1074 3251 γὰρ

59 3263 81 3352 ἡ
113 3265 273 3352 πρότασις
305 3267 367 3353 μὲν
398 3270 487 3354 λέγει
518 3274 607 3355 ἔχειν
637 3271 677 3336 τὰ
710 3269 793 3356 μέρη
821 3271 890 3337 τὼν
915 3265 1075 3348 ὡσαύτως
1093 3287 1127 3338 2⁶

58 3378 319 3441 πολλαπλασίων
340 3399 400 3442 τιν
423 3372 529 3443 αὐτὸν
550 3374 656 3462 λόγον
677 3375 852 3461 ληφθέντα
874 3372 1074 3461 κατάλληλα,

58 3504 100 3546 τα
125 3479 162 3546 δὲ
185 3477 343 3560 ὡσαύτως
365 3480 596 3549 πολλαπλάσιά
619 3485 685 3550 είσι
714 3482 753 3550 τό
779 3506 815 3550 τε
838 3487 904 3550 AB
932 3481 1075 3568 μέγεθος

132 3644 173 3694 72.
194 3640 225 3693 Β.
300 3644 341 3694 73.
361 3639 407 3695 V‘.
482 3645 524 3696 74.
543 3641 576 3694 A.
650 3646 692 3697 7⁶.
712 3637 839 3711 Ηνέον)

131 3786 157 3836 2.
176 3781 254 3836 ldem
272 3779 378 3850 legitur
396 3780 433 3835 ad
452 3799 531 3852 prop.
547 3786 580 3836 12
596 3785 626 3838 et
640 3787 682 3852 1⁶,
700 3781 738 3839 αἰ
751 3799 832 3855 prop.
848 3787 881 3838 14
895 3785 1002 3840 autem:
1024 3782 1073 3838 nal

60 3846 108 3908 έπὶ
126 3846 272 3921 ὁμογενῶν
290 3849 340 3905 ιιαλ
359 3847 406 3906 ἐπὶ
425 3847 608 3925 άνομογενὼν
626 3853 661 3912 Β.
