2414 4236
241 493 400 546 scnom
417 496 456 547 IN
474 496 751 548 ELEMENTORUM
768 498 908 550 LIBRUM
921 501 942 552 1.
1055 500 1096 565 ’Π

80 636 150 702 τῶν
171 632 337 720 σωμάτων
359 629 381 720 ἢ
405 637 464 720 τῆς
486 637 681 721 ἐπιφανείας
703 637 758 704 καὶ
781 637 903 725 ταύτης
925 640 1095 729 μᾶλλονῆ
1172 674 1175 679 ·

82 743 140 826 τῆς
162 743 317 826 γραμμῆς
337 740 395 807 καὶ
422 739 544 828 ταύτης
566 736 587 808 ά
615 745 675 808 τοῦ
703 747 854 828 σημείου·
894 742 912 812 ὁ
941 744 1005 831 γάρ
1033 760 1095 816 τοῦ

78 851 219 934 σημείου
247 844 347 930 λόγος
374 844 482 932 πάσης
510 849 671 933 ἐξηγεῖται
698 858 758 935 της
785 856 907 934 σείρας.
954 850 1007 920 διὸ
1033 854 1095 921 ,καὶ

77 953 161 1022 ἄλλα
185 951 248 1039 μὲν
271 949 384 1019 ἄλλων
406 953 541 1039 πέρατα,
564 953 602 1021 τὸ
627 953 665 1021 δὲ
688 968 828 1042 σημεῖον
850 956 996 1024 πάντων.
1043 957 1094 1027 ότι

78 1060 115 1128 δὲ
138 1056 180 1128 οὑ
203 1057 276 1127 κατ’
301 1057 455 1126 ἐπίνοιάν
473 1062 542 1126 έστι
562 1058 680 1145 μόνον,
704 1057 749 1140 ὡς
773 1064 808 1128 οί
829 1058 894 1129 άπὸ
917 1067 975 1149 τῆς
994 1069 1094 1145 στοᾶς
1131 1091 1147 1139 ε

77 1186 194 1249 φασιν,
217 1163 449 1249 ἀποβλέψασαν
472 1163 601 1245 εἰςτὰς
623 1166 809 1255 περιφορὰς
831 1167 887 1235 καὶ
910 1166 951 1236 τὰ
974 1170 1095 1258 κέντρα

77 1270 207 1340 τούτων
235 1271 291 1338 καὶ
318 1268 399 1349 τοὺς
425 1270 551 1350 πόλους
578 1278 705 1358 γίνεται
722 1277 857 1358 δῆλον·
897 1273 938 1341 τά
965 1299 1000 1342 τε
1029 1274 1094 1361 γάρ

78 1381 199 1462 κέντρα
216 1374 289 1445 κατ’
307 1375 427 1446 οὐσίαν
446 1374 633 1464 ὑφέστηκεν
653 1378 829 1445 συνεκτικὰ
852 1383 922 1447 τῶν
940 1385 1094 1466 σφαιρῶν

79 1482 163 1552 ὄντα
184 1483 242 1550 καί
264 1485 300 1550 οί
322 1481 438 1563 ἄξονες
460 1483 516 1550 καὶ
531 1485 576 1549 -οί
596 1481 704 1551 πόλοι.
745 1482 851 1563 οὑτως
873 1487 929 1553 καὶ
953 1486 1006 1553 έπὶ
1024 1499 1095 1566 τοῖς

80 1589 230 1676 κέντροις
255 1590 310 1656 καὶ
342 1602 413 1669 τοῖς
444 1590 561 1667 πόλοις
593 1592 628 1655 ολ
651 1591 884 1679 Πυθαγόρειοι
916 1591 1094 1659 τάττουσιν
1114 1618 1147 1667 ιο

81 1695 229 1780 δύναμιν
247 1691 337 1774 Ῥέας
356 1694 418 1782 μὲν
437 1699 608 1782 σφραγίδα
631 1721 712 1775 τους
725 1696 851 1777 πόλους
865 1695 1095 1785 ὀνομάζοντες,

80 1798 190 1880 Ζανὸς
213 1800 251 1868 δὲ
273 1800 404 1887 πύργον
427 1800 466 1869 τὸ
489 1806 550 1869 τοῦ
569 1801 693 1881 παντὸς
710 1804 861 1890 κέντρον,
886 1804 1038 1890 ίυγγικόις
1057 1804 1095 1873 δὲ

77 1908 133 1974 καὶ
145 1905 385 1995 -φρουρητικὰς
408 1907 523 1986 αὐτοῖς
542 1910 702 1995 δυνάμεις
720 1907 944 1979 ἀποδιδόασιν
963 1914 999 1979 οί
1014 1911 1094 1998 βάρ-

80 2019 187 2098 βαροι.
237 2004 292 2100 ἆρ’
319 2004 384 2080 οὖν
411 2012 449 2082 τὸ
479 2028 617 2100 σημεῖον
645 2013 753 2100 μόνον
781 2013 901 2103 ἀμερὲς
927 2013 949 2103 ἢ
977 2015 1094 2084 καὶτὸ

81 2123 148 2187 νῦν
171 2122 208 2188 έν
231 2117 343 2211 χρόνῳ
365 2120 422 2186 καὶ
445 2117 592 2207 ὑμονάς
610 2122 647 2188 έν
672 2117 806 2213 ἀριθμῷ
829 2123 884 2189 καὶ
908 2121 945 2191 τὸ
970 2129 1093 2209 κίνημα
1113 2146 1146 2194 ιο

79 2225 278 2312 ένκινῄσεις
300 2227 376 2312 περὶ
396 2226 532 2294 πάντων
551 2225 612 2313 μὲν
632 2219 696 2295 οὖν
716 2224 734 2294 ὁ
758 2231 888 2312 πρῶτος
911 2229 1093 2308 διαλέξεται

79 2331 284 2418 φιλόσοφος,
321 2331 397 2417 περὶ
430 2332 467 2400 δέ
499 2336 567 2401 τῶν
597 2330 679 2400 καθ’
710 2334 830 2401 ἕκαστα
863 2331 880 2401 ὁ
912 2332 995 2401 κατὰ
1031 2359 1094 2419 την

78 2442 206 2507 οἰκείαν
239 2436 435 2525 ἐπιστήμην·
473 2440 583 2525 μόνον
615 2437 679 2526 γὰρ
713 2434 789 2525 οὐχὶ
816 2439 905 2525 λέγει
933 2443 1048 2525 σαφῶς
1075 2436 1093 2508 ὁ

76 2547 279 2632 γεωμέτρης,
317 2542 367 2612 ὅτι
399 2545 436 2612 τὸ
478 2543 549 2613 κατ’
585 2545 641 2632 ἐμὲ
673 2544 792 2632 ἀμερὲς
824 2545 963 2632 σημεῖόν
995 2548 1095 2613 ἐστιν.

77 2649 192 2736 ἐπειδὴ
208 2650 246 2719 δὲ
260 2654 298 2718 οί
309 2647 510 2736 άποφατικοὶ
528 2649 636 2737 λόγοι,
656 2649 700 2731 ὥς
714 2674 819 2738 φησιν
834 2649 852 2720 ὁ
868 2657 1094 2740 Παρμενίδης,
1112 2680 1147 2729 20

77 2756 309 2843 προσήκουσιν
337 2770 409 2836 ταῖς
439 2755 556 2844 άρχαῑς
577 2758 633 2825 καὶ
656 2771 726 2838 τοῖς
748 2760 880 2843 πέρασι·
916 2764 1006 2828 πᾶσα
1029 2759 1093 2848 γάρ

77 2862 165 2951 άρχὴ
193 2867 263 2932 τῶν
290 2860 345 2931 άιί
374 2852 477 2949 αὑτῆς
504 2865 695 2948 προϊόντων
721 2864 800 2932 καθ’
828 2866 944 2950 ἑτέραν
973 2865 1094 2934 οὐσίαν

76 2967 276 3058 ὑφέστηκεν,
299 2970 355 3038 καὶ
379 2971 416 3036 αί
437 2968 566 3037 τούτων
589 2967 775 3057 ἀποφάσεις
798 2970 859 3058 τὴν
878 2974 1016 3039 ἐκείνων
1036 2976 1094 3058 δη-

78 3079 200 3144 λοῦσιν
223 3074 304 3163 ὑμίυ
326 3074 528 3144 ὑπόστασιν·
553 3076 609 3143 διὰ
627 3081 726 3145 τοῦτο
746 3077 801 3143 καί
821 3074 1007 3162 Εὐκλείδης
1024 3091 1094 3158 τοῖς

79 3179 304 3267 άποφατικοῑς
323 3182 483 3269 ἐχρήσατο
504 3182 616 3268 λόγοις
631 3183 684 3251 έπδ
696 3187 755 3269 τῆς
768 3179 840 3249 κατ’
857 3181 963 3250 αὐτόν
982 3181 1094 3270 ἀρχῆς.
1112 3209 1147 3259 25

79 3291 117 3356 οί
133 3287 170 3356 δὲ
184 3288 419 3378 Πυθαγόρειοι
438 3287 475 3357 τὸ
494 3303 634 3376 σημείου
653 3287 820 3376 ὁρίζονται
843 3287 976 3376 μονάδα
995 3291 1095 3359 θέσιν

80 3399 238 3481 ἔχουσαν·
262 3398 298 3464 οί
317 3393 382 3482 γάρ
407 3394 550 3484 ἀριθμοί
568 3396 623 3463 καὶ
642 3394 820 3483 σχημάτων
838 3394 894 3463 καὶ
909 3402 1095 3481 φαντασίας

80 3501 343 3588 καθαρεύουσιν.
379 3501 417 3570 τὸ
437 3500 475 3569 δὲ
494 3515 632 3588 σημεῖον
647 3504 683 3570 ἐν
697 3507 865 3592 φαντασίᾳ
878 3507 1095 3590 προτείνεται.

77 3611 151 3687 πως
169 3599 235 3675 οὖν
256 3606 299 3676 οὐ
322 3612 542 3694 μορφωτικοῑς
566 3604 698 3697 ὁρᾶται;
723 3605 773 3676 ότι
793 3613 852 3695 τῆς
870 3615 1094 3697 φανταστικῆς

151 3773 177 3822 2.
199 3763 228 3839 ὑ]
247 3760 297 3836 οός
317 3767 366 3822 cfr.
385 3765 500 3823 Proclus
519 3785 547 3838 p.
567 3773 610 3838 89,
631 3773 673 3822 10.
735 3774 777 3825 10.
796 3767 988 3844 Πυθαγόριοι.
1050 3777 1097 3829 λδ.

78 3833 270 3908 Πυθαγόριοι.
