<?xml version="1.0" encoding="UTF-8"?>
<!DOCTYPE html PUBLIC "-//W3C//DTD XHTML 1.0 Transitional//EN"
    "http://www.w3.org/TR/xhtml1/DTD/xhtml1-transitional.dtd">
<html xmlns="http://www.w3.org/1999/xhtml" xml:lang="en" lang="en">
 <head>
  <title>
</title>
<meta http-equiv="Content-Type" content="text/html;charset=utf-8" />
  <meta name='ocr-system' content='tesseract 3.04.00' />
  <meta name='ocr-capabilities' content='ocr_page ocr_carea ocr_par ocr_line ocrx_word'/>
</head>
<body>
  <div class='ocr_page' id='page_1' title='image "./euclidisoperaom10unkngoog_0820.png"; bbox 0 0 2414 4236; ppageno 0'>
   <div class='ocr_carea' id='block_1_1' title="bbox 324 447 1069 512">
    <p class='ocr_par' dir='ltr' id='par_1_1' title="bbox 324 447 1069 512">
     <span class='ocr_line' id='line_1_1' title="bbox 324 447 1069 512; baseline 0.013 -9"><span class='ocrx_word' id='word_1_1' title='bbox 324 453 506 503; x_wconf 74' lang='lat' dir='ltr'>APPENDIX</span> <span class='ocrx_word' id='word_1_2' title='bbox 525 450 796 503; x_wconf 71' lang='grc' dir='ltr'><strong><em>εοΗοιιοιιοοη</em></strong></span> <span class='ocrx_word' id='word_1_3' title='bbox 1005 447 1069 512; x_wconf 87' lang='lat'><strong><em>689</em></strong></span> 
     </span>
    </p>
   </div>
   <div class='ocr_carea' id='block_1_2' title="bbox 56 586 1134 3323">
    <p class='ocr_par' dir='ltr' id='par_1_2' title="bbox 56 586 1129 2056">
     <span class='ocr_line' id='line_1_2' title="bbox 56 586 1070 678; baseline -0.006 -17"><span class='ocrx_word' id='word_1_4' title='bbox 56 595 122 662; x_wconf 79' lang='grc' dir='ltr'><strong><em>εἰσὶ</em></strong></span> <span class='ocrx_word' id='word_1_5' title='bbox 146 592 184 660; x_wconf 75' lang='grc' dir='ltr'><strong><em>δέ</em></strong></span> <span class='ocrx_word' id='word_1_6' title='bbox 205 591 262 659; x_wconf 81' lang='grc' dir='ltr'><strong><em>καὶ</em></strong></span> <span class='ocrx_word' id='word_1_7' title='bbox 285 588 492 678; x_wconf 76' lang='grc' dir='ltr'><strong><em>παράλληλοι</em></strong></span> <span class='ocrx_word' id='word_1_8' title='bbox 511 586 615 676; x_wconf 81' lang='grc' dir='ltr'><strong><em>ήΘΚ</em></strong></span> <span class='ocrx_word' id='word_1_9' title='bbox 631 593 671 678; x_wconf 80' lang='grc' dir='ltr'><strong><em>τῇ</em></strong></span> <span class='ocrx_word' id='word_1_10' title='bbox 686 596 766 657; x_wconf 87' lang='grc' dir='ltr'><strong><em>ΗΖ·</em></strong></span> <span class='ocrx_word' id='word_1_11' title='bbox 791 592 828 656; x_wconf 79' lang='grc' dir='ltr'><strong><em>αλ</em></strong></span> <span class='ocrx_word' id='word_1_12' title='bbox 843 589 908 676; x_wconf 85' lang='grc' dir='ltr'><strong><em>γὰρ</em></strong></span> <span class='ocrx_word' id='word_1_13' title='bbox 927 593 968 677; x_wconf 75' lang='grc' dir='ltr'><strong><em>τῇ</em></strong></span> <span class='ocrx_word' id='word_1_14' title='bbox 984 587 1070 676; x_wconf 80' lang='grc' dir='ltr'><strong><em>αὐτή</em></strong></span> 
     </span>
     <span class='ocr_line' id='line_1_3' title="bbox 58 693 1070 787; baseline -0.004 -20"><span class='ocrx_word' id='word_1_15' title='bbox 58 697 265 787; x_wconf 81' lang='grc' dir='ltr'><strong><em>παράλληλοι</em></strong></span> <span class='ocrx_word' id='word_1_16' title='bbox 288 698 343 765; x_wconf 79' lang='grc' dir='ltr'><strong><em>καὶ</em></strong></span> <span class='ocrx_word' id='word_1_17' title='bbox 366 694 524 783; x_wconf 76' lang='grc' dir='ltr'><strong><em>ἀλλήλαις</em></strong></span> <span class='ocrx_word' id='word_1_18' title='bbox 547 696 612 765; x_wconf 75' lang='grc' dir='ltr'><strong><em>εἰσὶ</em></strong></span> <span class='ocrx_word' id='word_1_19' title='bbox 635 695 852 784; x_wconf 81' lang='grc' dir='ltr'><strong><em>παράλληλοι.</em></strong></span> <span class='ocrx_word' id='word_1_20' title='bbox 892 693 1015 781; x_wconf 81' lang='grc' dir='ltr'><strong><em>ὁμοίως</em></strong></span> <span class='ocrx_word' id='word_1_21' title='bbox 1034 694 1070 763; x_wconf 72' lang='grc' dir='ltr'><strong><em>δὲ</em></strong></span> 
     </span>
     <span class='ocr_line' id='line_1_4' title="bbox 58 793 1071 890; baseline -0.004 -18"><span class='ocrx_word' id='word_1_22' title='bbox 58 804 115 872; x_wconf 79' lang='grc' dir='ltr'><strong><em>καὶ</em></strong></span> <span class='ocrx_word' id='word_1_23' title='bbox 141 801 182 872; x_wconf 80' lang='grc' dir='ltr'><strong><em>τὰ</em></strong></span> <span class='ocrx_word' id='word_1_24' title='bbox 210 803 310 872; x_wconf 82' lang='grc' dir='ltr'><strong><em>λοιπὰ</em></strong></span> <span class='ocrx_word' id='word_1_25' title='bbox 339 801 562 890; x_wconf 78' lang='grc' dir='ltr'><strong><em>δειχθήσεται.</em></strong></span> <span class='ocrx_word' id='word_1_26' title='bbox 610 799 663 871; x_wconf 82' lang='grc' dir='ltr'><strong><em>ὅτι</em></strong></span> <span class='ocrx_word' id='word_1_27' title='bbox 690 800 752 889; x_wconf 75' lang='grc' dir='ltr'><strong><em>μέν</em></strong></span> <span class='ocrx_word' id='word_1_28' title='bbox 779 793 843 870; x_wconf 82' lang='grc' dir='ltr'><strong><em>οὖν</em></strong></span> <span class='ocrx_word' id='word_1_29' title='bbox 871 800 1071 887; x_wconf 83' lang='grc' dir='ltr'><strong><em>λσόπλευρόν</em></strong></span> 
     </span>
     <span class='ocr_line' id='line_1_5' title="bbox 58 904 1070 996; baseline -0.002 -18"><span class='ocrx_word' id='word_1_30' title='bbox 58 936 93 978; x_wconf 88' lang='grc' dir='ltr'><strong><em>τε</em></strong></span> <span class='ocrx_word' id='word_1_31' title='bbox 121 910 177 976; x_wconf 82' lang='grc' dir='ltr'><strong><em>καὶ</em></strong></span> <span class='ocrx_word' id='word_1_32' title='bbox 205 908 555 996; x_wconf 86' lang='grc' dir='ltr'><strong><em>παραλληλόγραμμον</em></strong></span> <span class='ocrx_word' id='word_1_33' title='bbox 582 906 621 976; x_wconf 88' lang='grc' dir='ltr'><strong><em>τὸ</em></strong></span> <span class='ocrx_word' id='word_1_34' title='bbox 644 913 790 976; x_wconf 82' lang='grc' dir='ltr'><strong><em>ΘΚΖΗ</em></strong></span> <span class='ocrx_word' id='word_1_35' title='bbox 816 904 1070 994; x_wconf 80' lang='grc' dir='ltr'><strong><em>τετράπλευρον,</em></strong></span> 
     </span>
     <span class='ocr_line' id='line_1_6' title="bbox 60 1011 1125 1101; baseline 0 -19"><span class='ocrx_word' id='word_1_36' title='bbox 60 1019 179 1100; x_wconf 79' lang='grc' dir='ltr'><strong><em>δῆλον·</em></strong></span> <span class='ocrx_word' id='word_1_37' title='bbox 210 1012 261 1083; x_wconf 83' lang='grc' dir='ltr'><strong><em>ὅτι</em></strong></span> <span class='ocrx_word' id='word_1_38' title='bbox 285 1013 322 1082; x_wconf 72' lang='grc' dir='ltr'><strong><em>δέ</em></strong></span> <span class='ocrx_word' id='word_1_39' title='bbox 344 1015 400 1082; x_wconf 84' lang='grc' dir='ltr'><strong><em>καλ</em></strong></span> <span class='ocrx_word' id='word_1_40' title='bbox 423 1013 617 1101; x_wconf 80' lang='grc' dir='ltr'><strong><em>ἰσογώνιον,</em></strong></span> <span class='ocrx_word' id='word_1_41' title='bbox 641 1014 793 1100; x_wconf 85' lang='grc' dir='ltr'><strong><em>φανερὸν</em></strong></span> <span class='ocrx_word' id='word_1_42' title='bbox 815 1011 881 1082; x_wconf 83' lang='grc' dir='ltr'><strong><em>ἀπὸ</em></strong></span> <span class='ocrx_word' id='word_1_43' title='bbox 903 1017 965 1081; x_wconf 86' lang='grc' dir='ltr'><strong><em>τοῦ</em></strong></span> <span class='ocrx_word' id='word_1_44' title='bbox 989 1011 1072 1101; x_wconf 86' lang='grc' dir='ltr'><strong><em>ὀρου</em></strong></span> <span class='ocrx_word' id='word_1_45' title='bbox 1109 1039 1125 1088; x_wconf 75' lang='lat'>⁶</span> 
     </span>
     <span class='ocr_line' id='line_1_7' title="bbox 58 1117 1073 1207; baseline -0.002 -19"><span class='ocrx_word' id='word_1_46' title='bbox 58 1124 120 1188; x_wconf 84' lang='grc' dir='ltr'><strong><em>τοῦ</em></strong></span> <span class='ocrx_word' id='word_1_47' title='bbox 144 1119 201 1188; x_wconf 91' lang='grc' dir='ltr'><strong><em>ια’·</em></strong></span> <span class='ocrx_word' id='word_1_48' title='bbox 239 1121 398 1189; x_wconf 77' lang='grc' dir='ltr'><strong><em>ἐπιπέδου</em></strong></span> <span class='ocrx_word' id='word_1_49' title='bbox 422 1119 502 1207; x_wconf 77' lang='grc' dir='ltr'><strong><em>γάρ,</em></strong></span> <span class='ocrx_word' id='word_1_50' title='bbox 530 1125 651 1207; x_wconf 84' lang='grc' dir='ltr'><em>φησίν,</em></span> <span class='ocrx_word' id='word_1_51' title='bbox 678 1117 763 1207; x_wconf 82' lang='grc' dir='ltr'><strong><em>πρὸς</em></strong></span> <span class='ocrx_word' id='word_1_52' title='bbox 785 1121 943 1189; x_wconf 77' lang='grc' dir='ltr'><strong><em>ἐπίπεδον</em></strong></span> <span class='ocrx_word' id='word_1_53' title='bbox 966 1124 1073 1199; x_wconf 81' lang='grc' dir='ltr'><strong><em>κλίσις</em></strong></span> 
     </span>
     <span class='ocr_line' id='line_1_8' title="bbox 60 1222 1071 1314; baseline -0.004 -19"><span class='ocrx_word' id='word_1_54' title='bbox 60 1226 152 1295; x_wconf 76' lang='grc' dir='ltr'><strong><em>ἐστὶν</em></strong></span> <span class='ocrx_word' id='word_1_55' title='bbox 180 1224 201 1312; x_wconf 89' lang='grc' dir='ltr'><strong><em>ή</em></strong></span> <span class='ocrx_word' id='word_1_56' title='bbox 228 1227 445 1313; x_wconf 75' lang='grc' dir='ltr'><strong><em>περιεχομένη</em></strong></span> <span class='ocrx_word' id='word_1_57' title='bbox 473 1223 539 1293; x_wconf 71' lang='grc' dir='ltr'><strong><em>ὑπὸ</em></strong></span> <span class='ocrx_word' id='word_1_58' title='bbox 565 1229 635 1295; x_wconf 84' lang='grc' dir='ltr'><strong><em>τών</em></strong></span> <span class='ocrx_word' id='word_1_59' title='bbox 661 1222 746 1313; x_wconf 82' lang='grc' dir='ltr'><strong><em>πρὸς</em></strong></span> <span class='ocrx_word' id='word_1_60' title='bbox 772 1222 883 1313; x_wconf 76' lang='grc' dir='ltr'><strong><em>ὀρθὰς</em></strong></span> <span class='ocrx_word' id='word_1_61' title='bbox 910 1236 951 1314; x_wconf 74' lang='grc' dir='ltr'><strong><em>τῇ</em></strong></span> <span class='ocrx_word' id='word_1_62' title='bbox 975 1228 1071 1313; x_wconf 79' lang='grc' dir='ltr'><strong><em>κοινή</em></strong></span> 
     </span>
     <span class='ocr_line' id='line_1_9' title="bbox 59 1327 1073 1424; baseline -0.002 -25"><span class='ocrx_word' id='word_1_63' title='bbox 59 1335 146 1419; x_wconf 79' lang='grc' dir='ltr'><strong><em>τομῇ</em></strong></span> <span class='ocrx_word' id='word_1_64' title='bbox 169 1329 344 1419; x_wconf 78' lang='grc' dir='ltr'><em>ἀγομένων</em></span> <span class='ocrx_word' id='word_1_65' title='bbox 367 1329 451 1419; x_wconf 87' lang='grc' dir='ltr'><strong><em>πρὸς</em></strong></span> <span class='ocrx_word' id='word_1_66' title='bbox 467 1335 514 1422; x_wconf 76' lang='grc' dir='ltr'><strong><em>τῷ</em></strong></span> <span class='ocrx_word' id='word_1_67' title='bbox 532 1327 624 1424; x_wconf 74' lang='grc' dir='ltr'><strong><em>αὐτῷ</em></strong></span> <span class='ocrx_word' id='word_1_68' title='bbox 643 1337 768 1421; x_wconf 74' lang='grc' dir='ltr'><em>σημείῳ</em></span> <span class='ocrx_word' id='word_1_69' title='bbox 788 1333 825 1399; x_wconf 80' lang='grc' dir='ltr'><strong><em>ἐν</em></strong></span> <span class='ocrx_word' id='word_1_70' title='bbox 844 1331 986 1422; x_wconf 79' lang='grc' dir='ltr'><strong><em>ἑκατέρω</em></strong></span> <span class='ocrx_word' id='word_1_71' title='bbox 1005 1334 1073 1398; x_wconf 83' lang='grc' dir='ltr'><strong><em>τών</em></strong></span> 
     </span>
     <span class='ocr_line' id='line_1_10' title="bbox 61 1429 1072 1525; baseline 0.001 -20"><span class='ocrx_word' id='word_1_72' title='bbox 61 1438 236 1508; x_wconf 79' lang='grc' dir='ltr'><strong><em>ἐπιπέδων.</em></strong></span> <span class='ocrx_word' id='word_1_73' title='bbox 273 1443 304 1506; x_wconf 79' lang='grc' dir='ltr'><strong><em>εἰ</em></strong></span> <span class='ocrx_word' id='word_1_74' title='bbox 325 1436 387 1525; x_wconf 74' lang='grc' dir='ltr'><strong><em>μὲν</em></strong></span> <span class='ocrx_word' id='word_1_75' title='bbox 411 1429 475 1507; x_wconf 82' lang='grc' dir='ltr'><strong><em>οὖν</em></strong></span> <span class='ocrx_word' id='word_1_76' title='bbox 498 1436 609 1523; x_wconf 81' lang='grc' dir='ltr'><strong><em>ὀρθὸν</em></strong></span> <span class='ocrx_word' id='word_1_77' title='bbox 632 1435 720 1505; x_wconf 79' lang='grc' dir='ltr'><strong><em>εἶναι</em></strong></span> <span class='ocrx_word' id='word_1_78' title='bbox 743 1436 844 1524; x_wconf 84' lang='grc' dir='ltr'><strong><em>φήσει</em></strong></span> <span class='ocrx_word' id='word_1_79' title='bbox 866 1464 917 1517; x_wconf 90' lang='grc' dir='ltr'><strong><em>τις</em></strong></span> <span class='ocrx_word' id='word_1_80' title='bbox 933 1435 1017 1525; x_wconf 86' lang='grc' dir='ltr'><strong><em>πρὸς</em></strong></span> <span class='ocrx_word' id='word_1_81' title='bbox 1036 1435 1072 1506; x_wconf 88' lang='grc' dir='ltr'><strong><em>τὸ</em></strong></span> 
     </span>
     <span class='ocr_line' id='line_1_11' title="bbox 59 1541 1129 1632; baseline 0.005 -21"><span class='ocrx_word' id='word_1_82' title='bbox 59 1541 283 1630; x_wconf 82' lang='grc' dir='ltr'><strong><em>ὑποκείμενον</em></strong></span> <span class='ocrx_word' id='word_1_83' title='bbox 305 1550 473 1632; x_wconf 84' lang='grc' dir='ltr'><strong><em>τρίγωνον</em></strong></span> <span class='ocrx_word' id='word_1_84' title='bbox 494 1541 533 1612; x_wconf 86' lang='grc' dir='ltr'><strong><em>τὸ</em></strong></span> <span class='ocrx_word' id='word_1_85' title='bbox 556 1551 625 1611; x_wconf 84' lang='grc' dir='ltr'><strong><em>ΘΚ</em></strong></span> <span class='ocrx_word' id='word_1_86' title='bbox 629 1550 695 1611; x_wconf 85' lang='grc' dir='ltr'><strong><em>ΖΕ</em></strong></span> <span class='ocrx_word' id='word_1_87' title='bbox 717 1544 930 1631; x_wconf 80' lang='grc' dir='ltr'><strong><em>ἰσόπλευρον,</em></strong></span> <span class='ocrx_word' id='word_1_88' title='bbox 956 1549 1074 1631; x_wconf 78' lang='grc' dir='ltr'><strong><em>ἔχομεν</em></strong></span> <span class='ocrx_word' id='word_1_89' title='bbox 1095 1567 1129 1617; x_wconf 87' lang='lat'><strong><em>10</em></strong></span> 
     </span>
     <span class='ocr_line' id='line_1_12' title="bbox 60 1645 1075 1737; baseline 0 -20"><span class='ocrx_word' id='word_1_90' title='bbox 60 1648 99 1717; x_wconf 89' lang='grc' dir='ltr'><strong><em>τὸ</em></strong></span> <span class='ocrx_word' id='word_1_91' title='bbox 124 1649 340 1737; x_wconf 81' lang='grc' dir='ltr'><strong><em>ζητούμενον·</em></strong></span> <span class='ocrx_word' id='word_1_92' title='bbox 364 1654 396 1718; x_wconf 80' lang='grc' dir='ltr'><strong><em>εἰ</em></strong></span> <span class='ocrx_word' id='word_1_93' title='bbox 418 1649 456 1718; x_wconf 72' lang='grc' dir='ltr'><strong><em>δὲ</em></strong></span> <span class='ocrx_word' id='word_1_94' title='bbox 478 1649 685 1736; x_wconf 83' lang='grc' dir='ltr'><strong><em>κεκλιμένον,</em></strong></span> <span class='ocrx_word' id='word_1_95' title='bbox 709 1645 728 1717; x_wconf 84' lang='grc' dir='ltr'><strong><em>δ</em></strong></span> <span class='ocrx_word' id='word_1_96' title='bbox 753 1652 836 1736; x_wconf 82' lang='grc' dir='ltr'><strong><em>δῆτα</em></strong></span> <span class='ocrx_word' id='word_1_97' title='bbox 859 1649 915 1717; x_wconf 81' lang='grc' dir='ltr'><strong><em>καὶ</em></strong></span> <span class='ocrx_word' id='word_1_98' title='bbox 938 1648 1075 1736; x_wconf 77' lang='grc' dir='ltr'><strong><em>ἀληθές,</em></strong></span> 
     </span>
     <span class='ocr_line' id='line_1_13' title="bbox 60 1752 1075 1844; baseline 0.002 -22"><span class='ocrx_word' id='word_1_99' title='bbox 60 1753 212 1825; x_wconf 77' lang='grc' dir='ltr'><strong><em>ἀπὸτοῦ</em></strong></span> <span class='ocrx_word' id='word_1_100' title='bbox 236 1753 320 1844; x_wconf 80' lang='grc' dir='ltr'><strong><em>ὅρον</em></strong></span> <span class='ocrx_word' id='word_1_101' title='bbox 343 1759 462 1842; x_wconf 81' lang='grc' dir='ltr'><strong><em>δῆλον·</em></strong></span> <span class='ocrx_word' id='word_1_102' title='bbox 490 1752 602 1843; x_wconf 78' lang='grc' dir='ltr'><strong><em>ἡγὰρ</em></strong></span> <span class='ocrx_word' id='word_1_103' title='bbox 623 1757 663 1844; x_wconf 73' lang='grc' dir='ltr'><strong><em>τῇ</em></strong></span> <span class='ocrx_word' id='word_1_104' title='bbox 687 1764 783 1843; x_wconf 79' lang='grc' dir='ltr'><strong><em>κοινῇ</em></strong></span> <span class='ocrx_word' id='word_1_105' title='bbox 807 1759 892 1844; x_wconf 80' lang='grc' dir='ltr'><strong><em>τομή</em></strong></span> <span class='ocrx_word' id='word_1_106' title='bbox 914 1766 984 1824; x_wconf 83' lang='grc' dir='ltr'><strong><em>των</em></strong></span> <span class='ocrx_word' id='word_1_107' title='bbox 1008 1758 1075 1824; x_wconf 78' lang='grc' dir='ltr'><strong><em>ἐπι-</em></strong></span> 
     </span>
     <span class='ocr_line' id='line_1_14' title="bbox 61 1858 1076 1948; baseline 0 -19"><span class='ocrx_word' id='word_1_108' title='bbox 61 1863 173 1931; x_wconf 87' lang='grc' dir='ltr'><strong><em>πέδων</em></strong></span> <span class='ocrx_word' id='word_1_109' title='bbox 191 1858 258 1930; x_wconf 84' lang='grc' dir='ltr'><strong><em>ὀπδ</em></strong></span> <span class='ocrx_word' id='word_1_110' title='bbox 277 1865 339 1930; x_wconf 84' lang='grc' dir='ltr'><strong><em>τοῦ</em></strong></span> <span class='ocrx_word' id='word_1_111' title='bbox 357 1865 515 1931; x_wconf 87' lang='grc' dir='ltr'><strong><em>τοιούτου</em></strong></span> <span class='ocrx_word' id='word_1_112' title='bbox 533 1863 692 1930; x_wconf 73' lang='grc' dir='ltr'><strong><em>ἐπιπέδου</em></strong></span> <span class='ocrx_word' id='word_1_113' title='bbox 708 1862 764 1929; x_wconf 81' lang='grc' dir='ltr'><strong><em>καὶ</em></strong></span> <span class='ocrx_word' id='word_1_114' title='bbox 778 1865 840 1930; x_wconf 86' lang='grc' dir='ltr'><strong><em>τοῦ</em></strong></span> <span class='ocrx_word' id='word_1_115' title='bbox 853 1859 1076 1948; x_wconf 83' lang='grc' dir='ltr'><strong><em>ὑποκειμένου</em></strong></span> 
     </span>
     <span class='ocr_line' id='line_1_15' title="bbox 60 1965 893 2056; baseline 0.002 -20"><span class='ocrx_word' id='word_1_116' title='bbox 60 1968 231 2054; x_wconf 76' lang='grc' dir='ltr'><strong><em>τριγώνου</em></strong></span> <span class='ocrx_word' id='word_1_117' title='bbox 255 1965 364 2056; x_wconf 78' lang='grc' dir='ltr'><strong><em>ὀρθὰς</em></strong></span> <span class='ocrx_word' id='word_1_118' title='bbox 386 1968 520 2056; x_wconf 85' lang='grc' dir='ltr'><strong><em>ποιήσει</em></strong></span> <span class='ocrx_word' id='word_1_119' title='bbox 541 1975 667 2055; x_wconf 88' lang='grc' dir='ltr'><strong><em>γωνίας</em></strong></span> <span class='ocrx_word' id='word_1_120' title='bbox 690 1967 760 2055; x_wconf 87' lang='grc' dir='ltr'><strong><em>μετ’</em></strong></span> <span class='ocrx_word' id='word_1_121' title='bbox 782 1965 893 2056; x_wconf 80' lang='grc' dir='ltr'><strong><em>αὐτῆς.</em></strong></span> 
     </span>
    </p>

    <p class='ocr_par' dir='ltr' id='par_1_3' title="bbox 62 2071 1133 3009">
     <span class='ocr_line' id='line_1_16' title="bbox 130 2071 1130 2162; baseline 0.004 -22"><span class='ocrx_word' id='word_1_122' title='bbox 130 2075 160 2140; x_wconf 89' lang='grc'><strong><em>3.</em></strong></span> <span class='ocrx_word' id='word_1_123' title='bbox 200 2072 370 2159; x_wconf 83' lang='grc' dir='ltr'><strong><em>Φανερόν,</em></strong></span> <span class='ocrx_word' id='word_1_124' title='bbox 403 2071 454 2141; x_wconf 80' lang='grc' dir='ltr'><strong><em>ὅτι</em></strong></span> <span class='ocrx_word' id='word_1_125' title='bbox 481 2075 537 2142; x_wconf 81' lang='grc' dir='ltr'><strong><em>καὶ</em></strong></span> <span class='ocrx_word' id='word_1_126' title='bbox 564 2071 780 2159; x_wconf 75' lang='grc' dir='ltr'><strong><em>ὀρθογώνιον</em></strong></span> <span class='ocrx_word' id='word_1_127' title='bbox 809 2100 840 2162; x_wconf 91' lang='lat' dir='ltr'><strong><em>p.</em></strong></span> <span class='ocrx_word' id='word_1_128' title='bbox 866 2079 926 2162; x_wconf 85' lang='lat'><strong><em>42,</em></strong></span> <span class='ocrx_word' id='word_1_129' title='bbox 952 2078 1006 2158; x_wconf 84' lang='lat'><strong><em>18]</em></strong></span> <span class='ocrx_word' id='word_1_130' title='bbox 1041 2077 1079 2141; x_wconf 83' lang='grc' dir='ltr'><strong><em>αλ</em></strong></span> <span class='ocrx_word' id='word_1_131' title='bbox 1097 2093 1130 2144; x_wconf 80' lang='grc' dir='ltr'><strong><em>ιο</em></strong></span> 
     </span>
     <span class='ocr_line' id='line_1_17' title="bbox 62 2174 1082 2267; baseline 0.004 -23"><span class='ocrx_word' id='word_1_132' title='bbox 62 2174 129 2265; x_wconf 80' lang='grc' dir='ltr'><strong><em>γολρ</em></strong></span> <span class='ocrx_word' id='word_1_133' title='bbox 152 2183 245 2262; x_wconf 86' lang='grc' dir='ltr'><strong><em>ΚΜ,</em></strong></span> <span class='ocrx_word' id='word_1_134' title='bbox 269 2184 345 2246; x_wconf 83' lang='grc' dir='ltr'><strong><em>ΛΝ</em></strong></span> <span class='ocrx_word' id='word_1_135' title='bbox 369 2176 541 2264; x_wconf 78' lang='grc' dir='ltr'><strong><em>διάμετροι</em></strong></span> <span class='ocrx_word' id='word_1_136' title='bbox 565 2187 634 2246; x_wconf 76' lang='grc' dir='ltr'><strong><em>ἴσαι</em></strong></span> <span class='ocrx_word' id='word_1_137' title='bbox 657 2175 829 2265; x_wconf 77' lang='grc' dir='ltr'><strong><em>ἀλλήλαις·</em></strong></span> <span class='ocrx_word' id='word_1_138' title='bbox 866 2177 977 2267; x_wconf 79' lang='grc' dir='ltr'><strong><em>ήγδιρ</em></strong></span> <span class='ocrx_word' id='word_1_139' title='bbox 1000 2185 1082 2248; x_wconf 85' lang='grc' dir='ltr'><strong><em>ΚΜ</em></strong></span> 
     </span>
     <span class='ocr_line' id='line_1_18' title="bbox 63 2274 1078 2373; baseline 0.003 -23"><span class='ocrx_word' id='word_1_140' title='bbox 63 2282 276 2369; x_wconf 79' lang='grc' dir='ltr'><strong><em>παράλληλος</em></strong></span> <span class='ocrx_word' id='word_1_141' title='bbox 299 2274 386 2350; x_wconf 82' lang='grc' dir='ltr'><strong><em>οὖσα</em></strong></span> <span class='ocrx_word' id='word_1_142' title='bbox 410 2287 451 2372; x_wconf 73' lang='grc' dir='ltr'><strong><em>τῇ</em></strong></span> <span class='ocrx_word' id='word_1_143' title='bbox 471 2289 543 2350; x_wconf 89' lang='grc' dir='ltr'><strong><em>ΟΠ</em></strong></span> <span class='ocrx_word' id='word_1_144' title='bbox 562 2290 617 2368; x_wconf 79' lang='grc' dir='ltr'><strong><em>ἴση</em></strong></span> <span class='ocrx_word' id='word_1_145' title='bbox 641 2284 733 2352; x_wconf 78' lang='grc' dir='ltr'><strong><em>ἐστὶν</em></strong></span> <span class='ocrx_word' id='word_1_146' title='bbox 757 2280 841 2373; x_wconf 78' lang='grc' dir='ltr'><strong><em>αὐτῇ</em></strong></span> <span class='ocrx_word' id='word_1_147' title='bbox 865 2282 921 2353; x_wconf 82' lang='grc' dir='ltr'><strong><em>διὰ</em></strong></span> <span class='ocrx_word' id='word_1_148' title='bbox 945 2285 982 2353; x_wconf 90' lang='grc' dir='ltr'><strong><em>τδ</em></strong></span> <span class='ocrx_word' id='word_1_149' title='bbox 1003 2293 1078 2366; x_wconf 78' lang='grc' dir='ltr'><strong><em>λσας</em></strong></span> 
     </span>
     <span class='ocr_line' id='line_1_19' title="bbox 65 2387 1076 2477; baseline 0.003 -21"><span class='ocrx_word' id='word_1_150' title='bbox 65 2388 292 2475; x_wconf 79' lang='grc' dir='ltr'><strong><em>ἐπιζευγνύειν</em></strong></span> <span class='ocrx_word' id='word_1_151' title='bbox 314 2389 370 2456; x_wconf 81' lang='grc' dir='ltr'><strong><em>καὶ</em></strong></span> <span class='ocrx_word' id='word_1_152' title='bbox 393 2387 627 2477; x_wconf 79' lang='grc' dir='ltr'><strong><em>παραλλήλους</em></strong></span> <span class='ocrx_word' id='word_1_153' title='bbox 647 2387 706 2471; x_wconf 80' lang='grc' dir='ltr'><strong><em>τὰς</em></strong></span> <span class='ocrx_word' id='word_1_154' title='bbox 729 2395 764 2457; x_wconf 86' lang='grc' dir='ltr'><strong><em>Κ</em></strong></span> <span class='ocrx_word' id='word_1_155' title='bbox 770 2396 809 2475; x_wconf 88' lang='grc'><strong><em>0,</em></strong></span> <span class='ocrx_word' id='word_1_156' title='bbox 832 2397 871 2458; x_wconf 89' lang='grc' dir='ltr'><strong><em>Π</em></strong></span> <span class='ocrx_word' id='word_1_157' title='bbox 873 2396 920 2458; x_wconf 90' lang='grc' dir='ltr'><strong><em>Μ.</em></strong></span> <span class='ocrx_word' id='word_1_158' title='bbox 958 2391 1014 2459; x_wconf 82' lang='grc' dir='ltr'><strong><em>διὰ</em></strong></span> <span class='ocrx_word' id='word_1_159' title='bbox 1036 2391 1076 2459; x_wconf 84' lang='grc' dir='ltr'><strong><em>τὰ</em></strong></span> 
     </span>
     <span class='ocr_line' id='line_1_20' title="bbox 63 2492 1076 2583; baseline 0.001 -20"><span class='ocrx_word' id='word_1_160' title='bbox 63 2492 150 2563; x_wconf 79' lang='grc' dir='ltr'><strong><em>αὐτὰ</em></strong></span> <span class='ocrx_word' id='word_1_161' title='bbox 177 2495 232 2562; x_wconf 78' lang='grc' dir='ltr'><strong><em>καὶ</em></strong></span> <span class='ocrx_word' id='word_1_162' title='bbox 259 2493 281 2581; x_wconf 84' lang='grc' dir='ltr'><em>ἡ</em></span> <span class='ocrx_word' id='word_1_163' title='bbox 310 2500 381 2561; x_wconf 88' lang='grc' dir='ltr'><strong><em>ΛΝ</em></strong></span> <span class='ocrx_word' id='word_1_164' title='bbox 413 2501 469 2580; x_wconf 78' lang='grc' dir='ltr'><strong><em>ἴση</em></strong></span> <span class='ocrx_word' id='word_1_165' title='bbox 496 2498 537 2583; x_wconf 77' lang='grc' dir='ltr'><strong><em>τῇ</em></strong></span> <span class='ocrx_word' id='word_1_166' title='bbox 560 2496 631 2571; x_wconf 68' lang='grc' dir='ltr'><strong><em>ΞΟ.</em></strong></span> <span class='ocrx_word' id='word_1_167' title='bbox 676 2504 747 2564; x_wconf 73' lang='grc' dir='ltr'><strong><em>ἴσαι</em></strong></span> <span class='ocrx_word' id='word_1_168' title='bbox 775 2494 814 2562; x_wconf 75' lang='grc' dir='ltr'><strong><em>δὲ</em></strong></span> <span class='ocrx_word' id='word_1_169' title='bbox 835 2498 873 2562; x_wconf 83' lang='grc' dir='ltr'><strong><em>αλ</em></strong></span> <span class='ocrx_word' id='word_1_170' title='bbox 893 2497 971 2581; x_wconf 68' lang='grc' dir='ltr'><strong><em>ΞΟ,</em></strong></span> <span class='ocrx_word' id='word_1_171' title='bbox 997 2502 1076 2564; x_wconf 82' lang='lat'><em>011·</em></span> 
     </span>
     <span class='ocr_line' id='line_1_21' title="bbox 63 2598 1133 2690; baseline 0.006 -22"><span class='ocrx_word' id='word_1_172' title='bbox 63 2602 275 2688; x_wconf 76' lang='grc' dir='ltr'><strong><em>τετραγώνου</em></strong></span> <span class='ocrx_word' id='word_1_173' title='bbox 296 2598 361 2687; x_wconf 79' lang='grc' dir='ltr'><strong><em>γὰρ</em></strong></span> <span class='ocrx_word' id='word_1_174' title='bbox 385 2605 538 2687; x_wconf 82' lang='grc' dir='ltr'><strong><em>πλευραί.</em></strong></span> <span class='ocrx_word' id='word_1_175' title='bbox 579 2600 636 2668; x_wconf 81' lang='grc' dir='ltr'><strong><em>καὶ</em></strong></span> <span class='ocrx_word' id='word_1_176' title='bbox 659 2603 697 2667; x_wconf 81' lang='grc' dir='ltr'><strong><em>αλ</em></strong></span> <span class='ocrx_word' id='word_1_177' title='bbox 713 2606 802 2687; x_wconf 84' lang='grc' dir='ltr'><strong><em>ΚΜ,</em></strong></span> <span class='ocrx_word' id='word_1_178' title='bbox 821 2607 893 2668; x_wconf 89' lang='grc' dir='ltr'><strong><em>ΛΝ</em></strong></span> <span class='ocrx_word' id='word_1_179' title='bbox 914 2599 981 2690; x_wconf 80' lang='grc' dir='ltr'><strong><em>ἄρα</em></strong></span> <span class='ocrx_word' id='word_1_180' title='bbox 999 2609 1077 2671; x_wconf 79' lang='grc' dir='ltr'><strong><em>λσαι.</em></strong></span> <span class='ocrx_word' id='word_1_181' title='bbox 1097 2626 1133 2675; x_wconf 76' lang='lat'><strong><em>20</em></strong></span> 
     </span>
     <span class='ocr_line' id='line_1_22' title="bbox 64 2704 1077 2793; baseline 0.001 -18"><span class='ocrx_word' id='word_1_182' title='bbox 64 2707 129 2775; x_wconf 86' lang='grc' dir='ltr'><strong><em>δύο</em></strong></span> <span class='ocrx_word' id='word_1_183' title='bbox 152 2704 219 2791; x_wconf 78' lang='grc' dir='ltr'><strong><em>ἄρα</em></strong></span> <span class='ocrx_word' id='word_1_184' title='bbox 242 2710 279 2773; x_wconf 80' lang='grc' dir='ltr'><strong><em>αλ</em></strong></span> <span class='ocrx_word' id='word_1_185' title='bbox 300 2711 379 2791; x_wconf 86' lang='grc' dir='ltr'><strong><em>ΚΛ,</em></strong></span> <span class='ocrx_word' id='word_1_186' title='bbox 404 2713 485 2774; x_wconf 85' lang='grc' dir='ltr'><strong><em>ΛΜ</em></strong></span> <span class='ocrx_word' id='word_1_187' title='bbox 503 2714 572 2774; x_wconf 80' lang='grc' dir='ltr'><strong><em>λσαι</em></strong></span> <span class='ocrx_word' id='word_1_188' title='bbox 596 2707 661 2775; x_wconf 83' lang='grc' dir='ltr'><strong><em>ελσὶ</em></strong></span> <span class='ocrx_word' id='word_1_189' title='bbox 684 2707 763 2774; x_wconf 87' lang='grc' dir='ltr'><strong><em>δυσλ</em></strong></span> <span class='ocrx_word' id='word_1_190' title='bbox 785 2720 857 2787; x_wconf 75' lang='grc' dir='ltr'><strong><em>ταῖς</em></strong></span> <span class='ocrx_word' id='word_1_191' title='bbox 879 2714 966 2793; x_wconf 85' lang='grc' dir='ltr'><strong><em>ΛΜ,</em></strong></span> <span class='ocrx_word' id='word_1_192' title='bbox 988 2715 1077 2793; x_wconf 91' lang='grc' dir='ltr'><strong><em>ΜΝ,</em></strong></span> 
     </span>
     <span class='ocr_line' id='line_1_23' title="bbox 63 2809 1077 2902; baseline 0 -21"><span class='ocrx_word' id='word_1_193' title='bbox 63 2814 120 2881; x_wconf 83' lang='grc' dir='ltr'><strong><em>καὶ</em></strong></span> <span class='ocrx_word' id='word_1_194' title='bbox 142 2811 241 2899; x_wconf 76' lang='grc' dir='ltr'><strong><em>βάσις</em></strong></span> <span class='ocrx_word' id='word_1_195' title='bbox 262 2809 280 2881; x_wconf 65' lang='grc' dir='ltr'><strong><em>τ’</em></strong></span> <span class='ocrx_word' id='word_1_196' title='bbox 308 2819 383 2881; x_wconf 91' lang='grc' dir='ltr'><strong><em>ΛΝ</em></strong></span> <span class='ocrx_word' id='word_1_197' title='bbox 401 2813 498 2898; x_wconf 80' lang='grc' dir='ltr'><strong><em>βάσει</em></strong></span> <span class='ocrx_word' id='word_1_198' title='bbox 520 2814 561 2901; x_wconf 77' lang='grc' dir='ltr'><strong><em>τῇ</em></strong></span> <span class='ocrx_word' id='word_1_199' title='bbox 583 2817 665 2880; x_wconf 88' lang='grc' dir='ltr'><strong><em>ΚΜ</em></strong></span> <span class='ocrx_word' id='word_1_200' title='bbox 683 2821 754 2898; x_wconf 78' lang='grc' dir='ltr'><em>ῖση,</em></span> <span class='ocrx_word' id='word_1_201' title='bbox 784 2813 841 2880; x_wconf 84' lang='grc' dir='ltr'><strong><em>καλ</em></strong></span> <span class='ocrx_word' id='word_1_202' title='bbox 863 2809 885 2898; x_wconf 86' lang='grc' dir='ltr'><strong><em>ή</em></strong></span> <span class='ocrx_word' id='word_1_203' title='bbox 907 2818 1016 2898; x_wconf 84' lang='grc' dir='ltr'><strong><em>γωνία</em></strong></span> <span class='ocrx_word' id='word_1_204' title='bbox 1038 2817 1077 2902; x_wconf 81' lang='grc' dir='ltr'><strong><em>τή</em></strong></span> 
     </span>
     <span class='ocr_line' id='line_1_24' title="bbox 64 2917 570 3009; baseline -0.004 -21"><span class='ocrx_word' id='word_1_205' title='bbox 64 2925 184 3009; x_wconf 77' lang='grc' dir='ltr'><strong><em>γωνίᾳ,</em></strong></span> <span class='ocrx_word' id='word_1_206' title='bbox 206 2918 262 2987; x_wconf 85' lang='grc' dir='ltr'><strong><em>καλ</em></strong></span> <span class='ocrx_word' id='word_1_207' title='bbox 284 2917 325 2986; x_wconf 87' lang='grc' dir='ltr'><strong><em>τὰ</em></strong></span> <span class='ocrx_word' id='word_1_208' title='bbox 348 2921 448 2986; x_wconf 84' lang='grc' dir='ltr'><strong><em>λοιπὰ</em></strong></span> <span class='ocrx_word' id='word_1_209' title='bbox 473 2922 570 3005; x_wconf 78' lang='grc' dir='ltr'><strong><em>δῆλα.</em></strong></span> 
     </span>
    </p>

    <p class='ocr_par' dir='ltr' id='par_1_4' title="bbox 66 3021 1134 3323">
     <span class='ocr_line' id='line_1_25' title="bbox 131 3021 1078 3114; baseline 0.001 -22"><span class='ocrx_word' id='word_1_210' title='bbox 131 3029 162 3094; x_wconf 87' lang='grc'><strong><em>4.</em></strong></span> <span class='ocrx_word' id='word_1_211' title='bbox 187 3021 258 3091; x_wconf 80' lang='grc' dir='ltr'><strong><em>Ὅτι</em></strong></span> <span class='ocrx_word' id='word_1_212' title='bbox 272 3023 311 3092; x_wconf 73' lang='grc' dir='ltr'><strong><em>δέ</em></strong></span> <span class='ocrx_word' id='word_1_213' title='bbox 324 3023 380 3092; x_wconf 81' lang='grc' dir='ltr'><strong><em>καλ</em></strong></span> <span class='ocrx_word' id='word_1_214' title='bbox 395 3025 618 3093; x_wconf 76' lang='grc' dir='ltr'><strong><em>ἕκαστοντῶν</em></strong></span> <span class='ocrx_word' id='word_1_215' title='bbox 631 3034 693 3092; x_wconf 88' lang='grc' dir='ltr'><strong><em>τοῦ</em></strong></span> <span class='ocrx_word' id='word_1_216' title='bbox 708 3021 891 3109; x_wconf 82' lang='grc' dir='ltr'><strong><em>ὀκταέδρου</em></strong></span> <span class='ocrx_word' id='word_1_217' title='bbox 903 3023 1078 3114; x_wconf 86' lang='grc' dir='ltr'><strong><em>τριγώνων</em></strong></span> 
     </span>
     <span class='ocr_line' id='line_1_26' title="bbox 66 3128 1134 3218; baseline 0.008 -22"><span class='ocrx_word' id='word_1_218' title='bbox 66 3137 143 3197; x_wconf 78' lang='grc' dir='ltr'><strong><em>ἴσον</em></strong></span> <span class='ocrx_word' id='word_1_219' title='bbox 159 3131 238 3214; x_wconf 80' lang='grc' dir='ltr'><strong><em>ἐστί,</em></strong></span> <span class='ocrx_word' id='word_1_220' title='bbox 253 3133 360 3217; x_wconf 83' lang='grc' dir='ltr'><strong><em>δῆλον</em></strong></span> <span class='ocrx_word' id='word_1_221' title='bbox 374 3131 548 3200; x_wconf 81' lang='grc' dir='ltr'><strong><em>έντεῦδεν·</em></strong></span> <span class='ocrx_word' id='word_1_222' title='bbox 570 3131 754 3218; x_wconf 80' lang='grc' dir='ltr'><strong><em>περιέχεται</em></strong></span> <span class='ocrx_word' id='word_1_223' title='bbox 764 3128 828 3217; x_wconf 80' lang='grc' dir='ltr'><strong><em>γὰρ</em></strong></span> <span class='ocrx_word' id='word_1_224' title='bbox 842 3129 880 3198; x_wconf 89' lang='grc' dir='ltr'><strong><em>τὸ</em></strong></span> <span class='ocrx_word' id='word_1_225' title='bbox 897 3129 1079 3218; x_wconf 78' lang='grc' dir='ltr'><strong><em>ὀκτάεδρον</em></strong></span> <span class='ocrx_word' id='word_1_226' title='bbox 1096 3154 1134 3205; x_wconf 74' lang='grc' dir='ltr'><strong><em>νο</em></strong></span> 
     </span>
     <span class='ocr_line' id='line_1_27' title="bbox 66 3222 1078 3323; baseline 0.004 -22"><span class='ocrx_word' id='word_1_227' title='bbox 66 3231 132 3302; x_wconf 86' lang='grc' dir='ltr'><strong><em>ὑπὸ</em></strong></span> <span class='ocrx_word' id='word_1_228' title='bbox 157 3222 178 3302; x_wconf 92' lang='grc' dir='ltr'><strong><em>δ</em></strong></span> <span class='ocrx_word' id='word_1_229' title='bbox 199 3235 419 3323; x_wconf 79' lang='grc' dir='ltr'><strong><em>τετραγώνων</em></strong></span> <span class='ocrx_word' id='word_1_230' title='bbox 441 3240 510 3304; x_wconf 85' lang='grc' dir='ltr'><strong><em>τών</em></strong></span> <span class='ocrx_word' id='word_1_231' title='bbox 533 3242 688 3323; x_wconf 84' lang='grc' dir='ltr'><em>ΛΚΕΗ,</em></span> <span class='ocrx_word' id='word_1_232' title='bbox 712 3239 860 3321; x_wconf 64' lang='lat' dir='ltr'><strong><em>Hm,</em></strong></span> <span class='ocrx_word' id='word_1_233' title='bbox 885 3244 951 3304; x_wconf 86' lang='grc' dir='ltr'><strong><em>ΖΚ</em></strong></span> <span class='ocrx_word' id='word_1_234' title='bbox 956 3245 1033 3321; x_wconf 87' lang='grc' dir='ltr'><strong><em>ΛΕ,</em></strong></span> <span class='ocrx_word' id='word_1_235' title='bbox 1056 3234 1078 3305; x_wconf 72' lang='grc' dir='ltr'><strong><em>δι’</em></strong></span> 
     </span>
    </p>
   </div>
   <div class='ocr_carea' id='block_1_3' title="bbox 139 3442 759 3521">
    <p class='ocr_par' dir='ltr' id='par_1_5' title="bbox 139 3442 759 3521">
     <span class='ocr_line' id='line_1_28' title="bbox 139 3442 759 3521; baseline 0.002 -22"><span class='ocrx_word' id='word_1_236' title='bbox 139 3450 163 3499; x_wconf 82' lang='lat'><strong><em>8.</em></strong></span> <span class='ocrx_word' id='word_1_237' title='bbox 183 3442 230 3500; x_wconf 78' lang='lat' dir='ltr'><strong><em>V&#39;.</em></strong></span> <span class='ocrx_word' id='word_1_238' title='bbox 302 3452 328 3500; x_wconf 76' lang='lat'><strong><em>4.</em></strong></span> <span class='ocrx_word' id='word_1_239' title='bbox 348 3446 386 3502; x_wconf 81' lang='lat' dir='ltr'><strong><em>V²</em></strong></span> <span class='ocrx_word' id='word_1_240' title='bbox 405 3447 500 3521; x_wconf 81' lang='lat' dir='ltr'><strong>(adp.</strong></span> <span class='ocrx_word' id='word_1_241' title='bbox 518 3454 562 3517; x_wconf 74' lang='lat'><strong><em>44,</em></strong></span> <span class='ocrx_word' id='word_1_242' title='bbox 582 3449 617 3518; x_wconf 86' lang='lat'><strong><em>1),</em></strong></span> <span class='ocrx_word' id='word_1_243' title='bbox 637 3448 686 3505; x_wconf 76' lang='lat' dir='ltr'><strong><em>sed</em></strong></span> <span class='ocrx_word' id='word_1_244' title='bbox 704 3447 759 3503; x_wconf 81' lang='lat' dir='ltr'>del.</span> 
     </span>
    </p>
   </div>
   <div class='ocr_carea' id='block_1_4' title="bbox 67 3573 280 3583">
    <p class='ocr_par' dir='ltr' id='par_1_6' title="bbox 67 3573 280 3583">
     <span class='ocr_line' id='line_1_29' title="bbox 67 3573 280 3583; baseline -0.009 0"><span class='ocrx_word' id='word_1_245' title='bbox 67 3573 280 3583; x_wconf 86' lang='lat'><strong><em>——</em></strong></span> 
     </span>
    </p>
   </div>
   <div class='ocr_carea' id='block_1_5' title="bbox 63 3639 1078 3852">
    <p class='ocr_par' dir='ltr' id='par_1_7' title="bbox 63 3639 1078 3852">
     <span class='ocr_line' id='line_1_30' title="bbox 74 3639 1078 3728; baseline 0.004 -34"><span class='ocrx_word' id='word_1_246' title='bbox 74 3708 87 3728; x_wconf 77' lang='lat'>.</span> <span class='ocrx_word' id='word_1_247' title='bbox 140 3646 163 3697; x_wconf 82' lang='lat'><strong><em>4.</em></strong></span> <span class='ocrx_word' id='word_1_248' title='bbox 187 3639 408 3727; x_wconf 68' lang='grc' dir='ltr'><strong><em>τετράπλευρον]</em></strong></span> <span class='ocrx_word' id='word_1_249' title='bbox 427 3641 494 3696; x_wconf 82' lang='lat' dir='ltr'><strong>hinc</strong></span> <span class='ocrx_word' id='word_1_250' title='bbox 512 3643 605 3697; x_wconf 69' lang='lat' dir='ltr'><strong>totum</strong></span> <span class='ocrx_word' id='word_1_251' title='bbox 622 3641 678 3698; x_wconf 80' lang='lat' dir='ltr'><strong><em>hoc</em></strong></span> <span class='ocrx_word' id='word_1_252' title='bbox 696 3641 835 3726; x_wconf 48' lang='lat' dir='ltr'><strong>sepolium</strong></span> <span class='ocrx_word' id='word_1_253' title='bbox 855 3643 909 3699; x_wconf 83' lang='lat' dir='ltr'><strong>del.</strong></span> <span class='ocrx_word' id='word_1_254' title='bbox 929 3643 962 3699; x_wconf 86' lang='lat' dir='ltr'><strong><em>V.</em></strong></span> <span class='ocrx_word' id='word_1_255' title='bbox 1036 3651 1078 3698; x_wconf 80' lang='lat'><strong><em>21.</em></strong></span> 
     </span>
     <span class='ocr_line' id='line_1_31' title="bbox 63 3711 1078 3852; baseline 0.004 -87"><span class='ocrx_word' id='word_1_256' title='bbox 63 3711 144 3837; x_wconf 40' lang='lat' dir='ltr'><strong><em>mg</em></strong></span> <span class='ocrx_word' id='word_1_257' title='bbox 145 3711 293 3838; x_wconf 48' lang='grc' dir='ltr'><strong><em>Υξὲὶοοοιζγ11</em></strong></span> <span class='ocrx_word' id='word_1_258' title='bbox 294 3711 452 3852; x_wconf 46' lang='grc' dir='ltr'><strong><em>ἓξὲξοέῃοῇ</em></strong></span> <span class='ocrx_word' id='word_1_259' title='bbox 462 3712 496 3769; x_wconf 86' lang='lat' dir='ltr'><strong><em>V.</em></strong></span> <span class='ocrx_word' id='word_1_260' title='bbox 586 3713 663 3784; x_wconf 82' lang='grc' dir='ltr'><strong><em>ΛΜ]</em></strong></span> <span class='ocrx_word' id='word_1_261' title='bbox 683 3715 781 3784; x_wconf 79' lang='grc' dir='ltr'><strong><em>(ρηοε)</em></strong></span> <span class='ocrx_word' id='word_1_262' title='bbox 800 3729 816 3769; x_wconf 79' lang='grc' dir='ltr'><strong><em>ε</em></strong></span> <span class='ocrx_word' id='word_1_263' title='bbox 835 3730 904 3770; x_wconf 75' lang='lat' dir='ltr'><strong>corr.</strong></span> <span class='ocrx_word' id='word_1_264' title='bbox 923 3715 956 3772; x_wconf 84' lang='lat' dir='ltr'><strong><em>V.</em></strong></span> <span class='ocrx_word' id='word_1_265' title='bbox 1036 3720 1078 3771; x_wconf 75' lang='lat'><strong><em>26.</em></strong></span> 
     </span>
    </p>
   </div>
   <div class='ocr_carea' id='block_1_6' title="bbox 122 3880 921 3935">
    <p class='ocr_par' dir='ltr' id='par_1_8' title="bbox 122 3880 921 3935">
     <span class='ocr_line' id='line_1_32' title="bbox 122 3880 921 3935; baseline 0.01 -15"><span class='ocrx_word' id='word_1_266' title='bbox 122 3880 272 3932; x_wconf 77' lang='grc' dir='ltr'><strong><em>ΕοοΗδετ,</em></strong></span> <span class='ocrx_word' id='word_1_267' title='bbox 285 3881 335 3922; x_wconf 72' lang='grc' dir='ltr'><strong><em>εδδ</em></strong></span> <span class='ocrx_word' id='word_1_268' title='bbox 350 3881 450 3933; x_wconf 67' lang='lat' dir='ltr'>Hostem</span> <span class='ocrx_word' id='word_1_269' title='bbox 464 3885 487 3924; x_wconf 73' lang='lat' dir='ltr'><strong><em>et</em></strong></span> <span class='ocrx_word' id='word_1_270' title='bbox 500 3882 588 3935; x_wconf 59' lang='lat' dir='ltr'>Mense.</span> <span class='ocrx_word' id='word_1_271' title='bbox 611 3883 639 3923; x_wconf 78' lang='lat' dir='ltr'><strong><em>V.</em></strong></span> <span class='ocrx_word' id='word_1_272' title='bbox 885 3880 921 3928; x_wconf 79' lang='lat'><strong><em>44</em></strong></span> 
     </span>
    </p>
   </div>
   <div class='ocr_carea' id='block_1_7' title="bbox 0 0 1225 4236">
    <p class='ocr_par' dir='ltr' id='par_1_9' title="bbox 0 0 1225 4236">
     <span class='ocr_line' id='line_1_33' title="bbox 0 0 1225 4236; baseline 0 0"><span class='ocrx_word' id='word_1_273' title='bbox 0 0 1225 4236; x_wconf 95' lang='lat' dir='ltr'><strong><em> </em></strong></span> 
     </span>
    </p>
   </div>
  </div>
 </body>
</html>
