2414 4236
372 513 649 567 muronula
666 514 776 566 LIBER
794 515 851 567 XV.
1077 511 1119 576 67

103 678 181 722 uam
200 680 220 722 a
236 659 362 742 puncto
387 655 492 721 medio
512 660 620 722 rectae
643 656 702 722 sub
724 656 849 723 duobus
868 657 1025 722 lateribus
1045 657 1121 721 sub-

101 762 265 828 tendentis
295 762 337 827 ad
364 762 452 828 latus
479 764 658 849 pentagoni
686 763 716 827 ei
743 763 950 847 parallelum,
979 768 1016 828 ut
1044 767 1120 846 ZH,

104 868 388 953 perpendiculares
409 873 494 935 sunt.
531 869 641 953 itaque
659 869 760 933 etiam
780 865 932 934 LAKM
945 870 1041 934 datus
1061 875 1120 954 est,

104 975 171 1058 qui,
192 978 230 1039 ut
252 975 402 1059 diximus,
426 976 467 1040 ad
485 975 566 1041 duos
586 982 691 1041 rectos
712 976 932 1041 inclinationis
952 977 1119 1060 quaesitae

102 1080 220 1146 deficit
265 1082 349 1146 bene
377 1083 478 1167 igitur
505 1081 539 1146 iu
563 1084 805 1148 constructione
829 1083 1017 1148 mechanica
1040 1084 1120 1148 dixit

104 1188 148 1271 [p.
172 1188 230 1272 52,
257 1188 299 1254 18
323 1190 398 1273 sq.],
431 1191 579 1271 oportere
602 1188 679 1254 dato
703 1192 890 1274 pentagono
914 1192 1035 1253 rectam
1059 1191 1119 1255 sub

104 1291 232 1358 duobus
265 1292 425 1358 lateribus
459 1293 706 1358 subtendentem
744 1293 872 1376 ducere,
910 1317 992 1378 quae
1025 1295 1120 1360 lateri

100 1398 179 1463 cubi
202 1399 350 1482 aequalis
368 1399 415 1483 tit,
440 1402 472 1463 et
491 1400 612 1464 centris
630 1399 778 1463 terminis
797 1400 876 1483 eius,
899 1400 991 1465 radio
1011 1406 1120 1466 autem

90 1508 195 1590 recta
213 1526 233 1568 a
250 1510 370 1588 puncto
389 1505 497 1570 medio
517 1505 559 1569 ad
577 1506 663 1570 latus
678 1506 856 1591 pentagoni
876 1507 907 1570 ei
927 1507 1120 1589 parallelum

105 1608 363 1693 perpendiculari
396 1611 506 1691 ducta,
538 1617 575 1675 ut
606 1613 642 1676 in
672 1611 778 1697 figura
814 1616 891 1676 suut
922 1616 1003 1697 ΚΛ,
1035 1616 1120 1698 ΚΜ,

105 1737 200 1780 arcus
222 1716 401 1782 describere
425 1722 458 1782 et
475 1741 495 1782 a
514 1723 643 1803 puncto,
666 1719 724 1782 ubi
742 1723 935 1783 concurrunt
953 1741 1056 1804 arcus,
1080 1721 1120 1784 ad

104 1826 216 1887 centra
239 1827 343 1888 rectas
367 1824 491 1909 ducere,
515 1846 596 1907 quae
616 1825 772 1909 angulum
791 1825 831 1889 ad
850 1825 931 1891 duos
949 1831 1055 1891 rectos
1074 1828 1120 1891 iu-

104 1927 290 1994 cliuationis
312 1931 485 2015 planorum
508 1931 710 1996 deficientem
732 1931 1020 2016 comprehendant3
1044 1955 1119 1998 nam

106 2033 229 2099 dictum
252 2039 303 2100 est
327 2038 371 2120 [p.
390 2037 442 2120 64,
469 2036 510 2101 15
529 2038 599 2120 sq.],
622 2037 656 2101 in
679 2037 848 2101 elementis
871 2038 966 2100 simul
990 2038 1119 2103 demon-

106 2143 246 2206 stratum
284 2163 373 2225 esse,
410 2142 712 2226 perpendicularem
749 2146 783 2206 K
788 2147 818 2205 A
855 2144 1010 2209 maiorem
1049 2168 1118 2210 esse

106 2268 202 2331 quam
225 2251 302 2332 {M
304 2252 341 2313 A.
350 2248 374 2332 ¹)

179 2423 205 2490 1)
226 2422 306 2488 Quod
325 2422 511 2477 necessarium
531 2423 575 2477 est
593 2423 629 2476 ad
644 2421 900 2488 demonstrandum
920 2421 1038 2476 circulos
1054 2439 1119 2477 cou-

103 2509 224 2547 currere

177 2563 353 2632 Quamquam
385 2579 450 2633 pars
477 2564 616 2632 posterior
647 2562 729 2617 huius
762 2561 852 2617 libelli
884 2563 949 2617 iude
977 2580 994 2617 a
1026 2582 1053 2633 p.
1085 2570 1119 2619 48

103 2634 253 2701 aliquanto
277 2634 376 2689 melior
399 2635 443 2688 est
465 2651 550 2702 quam
573 2634 661 2704 prior,
684 2636 780 2688 tamen
803 2633 848 2687 hic
872 2650 982 2704 quoque
1007 2637 1120 2690 demon-

103 2705 259 2760 strationes
278 2705 346 2759 satis
365 2704 498 2760 obscurae
518 2707 547 2759 et
564 2720 714 2785 peruersae
729 2707 802 2773 sunt,
821 2722 883 2760 cum
898 2707 1119 2763 constructiones

103 2777 184 2847 ipsae
204 2776 240 2899 ap
259 2775 368 2831 Isidoro
387 2776 510 2830 breuiter
526 2775 667 2830 iudicatae
687 2779 724 2844 (p
740 2779 835 2844 δοες.)
851 2776 955 2845 probae
969 2777 1032 2833 sint.
1062 2779 1120 2832 iam

103 2864 188 2987 es
189 2846 611 2984 restauraturus
627 2847 1120 2988 {stetimucgztuuuucu

103 2990 232 3075 upndum
251 2988 320 3043 satie
340 2960 450 3043 erudito
470 2988 573 3054 deberi,
593 3006 656 3043 cum
676 2960 797 3042 lsidorus
815 2988 995 3042 mechanicus
1010 2987 1120 3042 mecha-

103 3059 183 3114 nicas
202 3062 213 3128 (
220 3053 379 3129 ’ργανιιιάς)
399 3057 621 3114 constructiones
645 3059 704 3112 siue
727 3058 1013 3114 demonstrationibus
1033 3058 1121 3111 tradi-

104 3130 181 3185 disse
199 3130 340 3185 uideatur.
370 3147 435 3184 uam
451 3129 580 3184 libellum
599 3128 768 3198 adiscipulo
788 3129 884 3198 aliquo
904 3128 1003 3181 Isidori
1017 3127 1121 3182 Milesii

103 3202 263 3257 mechanici
281 3199 431 3256 clarissimi
449 3200 554 3255 saeculi
575 3200 647 3255 sexti
670 3199 804 3269 scriptum
828 3215 902 3266 esse,
927 3198 995 3252 satis
1020 3199 1121 3267 opinor

102 3276 217 3328 constat
233 3271 363 3343 (Studien
381 3272 427 3328 cb.
449 3272 531 3326 Eukl.
550 3289 577 3341 p.
599 3273 671 3341 156).
