2414 4236
239 479 397 533 εοειοειε
414 480 454 530 ιιι
471 480 745 531 εεαιειααεοεοει
762 479 947 533 ειεευιιεε
1033 477 1099 541 479

86 621 178 688 ἐστιν
201 616 222 704 ἡ
241 625 270 686 Β
277 624 311 688 Γ.
348 618 403 685 καὶ
426 616 447 705 ἡ
467 625 533 686 ΒΓ
552 617 617 705 άρα
639 622 680 706 τῇ
701 626 767 686 ZA
790 617 975 705 σύμμετρός
999 622 1098 688 ἐστιν.

82 738 156 804 ταῖς
178 721 295 804 αὐταῖς
320 723 357 790 δέ
380 722 518 811 ἐφόδοις
540 724 707 811 χρώμενοι
730 727 892 811 δείξομεν,
917 723 967 791 ὄτι
990 722 1012 810 ἡ
1036 729 1102 792 ΒΓ

85 835 126 917 τῇ
147 836 215 896 ZA
233 828 420 916 σύμμετρός
439 831 539 915 ἐστιν,
563 828 721 916 δηλονότι
740 835 787 909 είς
803 829 841 898 τὸ
862 829 909 917 ιη’
928 829 1098 916 θεώρημα.

154 939 226 1003 120.
266 933 312 1003 Τὸ
331 932 397 1002 ὑπὸ
417 946 487 1003 τῶν
504 943 583 1019 BA,
598 943 670 1003 ΔΓ
683 943 760 1005 ἴσον
778 933 949 1004 ὑπόκειται
967 941 1012 1027 τῳ
1032 933 1097 1004 άττὸ

83 1045 145 1110 τοῦ
163 1040 322 1127 τετάρτου
340 1043 462 1127 μέρους
480 1039 749 1132 ἀναγραφομένῳ
768 1040 964 1132 τετραγώνῳ
985 1045 1042 1127 τῆς
1057 1052 1096 1109 A.
1134 1067 1150 1114 ε

85 1145 169 1215 ὥστε
192 1146 230 1215 τὸ
255 1147 307 1227 δίς
329 1143 394 1214 ὑπὸ
419 1150 487 1215 τών
506 1154 585 1233 BA,
605 1152 677 1215 ΔΓ
695 1156 771 1215 ίσου
796 1149 864 1215 ἐστὶ
886 1151 932 1239 τῳ
957 1145 1021 1213 άτιὸ
1040 1150 1098 1232 τῆς

84 1251 237 1340 ἡμισείας
255 1256 315 1338 τῆς
328 1262 359 1319 A
378 1251 584 1343 τετραγώνῳ.
619 1250 657 1322 τὸ
682 1251 747 1339 άρα
769 1255 917 1342 τετράκις
940 1250 1006 1321 ὑπὸ
1029 1256 1097 1320 τάν

85 1364 164 1445 ΒΛ,
185 1366 255 1426 ΔΓ
274 1367 350 1426 ἴσον
373 1360 441 1427 ἐστὶ
464 1363 510 1449 τῷ
529 1357 594 1429 άτιό
614 1364 673 1446 τῆς
691 1371 731 1430 A.
767 1363 867 1428 τοῦτο
887 1352 950 1427 οὖν
970 1365 1101 1446 είρηταί

83 1492 142 1550 μοι
166 1461 211 1543 ώς
233 1466 433 1533 συντελέσον
457 1464 541 1553 πρὸς
562 1464 603 1533 τὰ
627 1467 791 1552 μέλλοντα
814 1464 1032 1552 συνάγεσθαι.

156 1573 227 1638 121.
259 1568 399 1657 Ὁμοίως
422 1575 576 1657 δείξομεν
599 1598 630 1659 p.
653 1574 709 1656 52,
735 1575 768 1657 8]
796 1570 834 1640 τὸ
859 1571 1008 1656 τετράκις
1031 1568 1096 1639 ὑπὸ
1118 1594 1151 1642 10

84 1680 154 1744 τών
172 1683 249 1763 BA,
268 1685 338 1745 ΔΓ
358 1705 439 1764 μετα
462 1682 524 1745 τοῦ
542 1677 692 1766 τετράκις
710 1675 776 1745 άπὸ
793 1681 852 1760 τῆς
870 1684 939 1745 EA
958 1686 1014 1744 ίσα
1033 1678 1097 1745 είσὶ

85 1793 131 1872 τῳ
165 1781 313 1869 τετράκις
345 1780 410 1851 άπὸ
440 1789 512 1851 ΕΓ.
564 1781 648 1850 am&
680 1786 717 1851 τὸ
750 1782 900 1869 τετράκις
930 1780 997 1851 ὑπὸ
1029 1788 1097 1851 τών

86 1895 165 1973 ΒΔ,
180 1893 250 1956 ΔΓ
265 1897 340 1957 ίσον
360 1888 429 1957 ἐστὶ
448 1893 494 1981 τῷ
513 1887 574 1956 άιτέ
598 1892 658 1974 τῆς
670 1897 711 1955 A.
749 1886 832 1957 ώστε
850 1886 887 1956 τὸ
907 1886 973 1957 άττὸ
990 1892 1048 1975 τῆς
1065 1897 1098 1955 A

85 1993 165 2081 μετά
189 1999 251 2062 τοῦ
273 1993 423 2082 τετράκις
444 1992 510 2063 άττό
533 1998 592 2081 τῆς
611 2001 680 2061 EA
703 2002 779 2061 ίσον
799 1994 867 2061 ἐστὶ
885 1998 931 2085 τῷ
949 1993 1099 2081 τετράκις

85 2099 151 2167 άπὸ
175 2104 234 2186 τῆς
251 2106 322 2167 ΕΓ.
363 2105 410 2191 τῳ
435 2101 473 2168 δὲ
494 2100 643 2188 τετράκις
666 2099 731 2169 άπὸ
755 2105 813 2185 τῆς
835 2108 906 2168 EA
928 2109 1004 2168 ίσον
1029 2101 1097 2169 ἐστὶ
1118 2122 1150 2169 15

85 2203 123 2272 τὸ
148 2203 213 2272 άτο
237 2215 297 2290 τῆς
320 2211 398 2271 ZA·
423 2209 581 2274 διπλασία
603 2208 668 2294 γάρ
693 2209 782 2273 ἐστιν
805 2233 825 2291 η
851 2213 917 2273 ZA
938 2211 998 2291 τῆς
1022 2213 1096 2272 EA.

85 2311 123 2380 τὸ
149 2307 215 2398 άρα
238 2307 304 2378 άττὸ
327 2313 385 2396 τῆς
408 2317 441 2378 A
470 2311 549 2397 μετὰ
578 2324 639 2381 τοῦ
666 2309 816 2399 τετράκις
843 2307 909 2378 άιιὸ
933 2314 991 2397 τῆς
1015 2318 1096 2394 EA,

85 2419 238 2486 τουτέστι
255 2415 336 2503 μετὰ
350 2427 411 2484 τοῦ
430 2414 495 2486 άπὸ
513 2422 572 2504 τῆς
587 2426 663 2504 ZA,
683 2426 760 2486 ίσον
778 2421 869 2485 ἔσται
887 2421 933 2508 τῷ
946 2415 1098 2502 τετράκις

87 2521 152 2592 άπὸ
180 2527 239 2608 τῆς
261 2529 331 2591 ΕΓ.
376 2527 422 2615 τῷ
451 2524 488 2592 δὲ
513 2524 663 2612 τετράκις
690 2522 755 2591 άιτο
784 2529 842 2610 τῆς
864 2530 931 2591 ΒΓ
959 2531 1035 2590 ίσον
1057 2521 1096 2590 τὸ

86 2628 152 2697 άπὸ
174 2633 232 2714 τῆς
250 2635 321 2696 ΒΓ.
358 2628 396 2697 τὸ
420 2627 485 2716 ἄρα
509 2627 572 2696 άπὸ
596 2633 654 2715 τῆς
672 2634 740 2697 ΒΓ
759 2638 835 2698 ίσον
855 2629 923 2698 ἐστὶ
942 2639 1012 2706 τοίς
1030 2626 1095 2696 άπὸ
1115 2648 1151 2698 20

86 2739 154 2804 τῶν
178 2746 210 2803 A
240 2736 296 2803 καί
325 2743 391 2803 ZA
419 2735 647 2822 τετραγώνοις.
698 2735 735 2804 τὸ
764 2734 829 2803 άιιὸ
856 2739 913 2821 τῆς
936 2740 1003 2803 ΒΓ
1031 2732 1097 2817 ἄρα

87 2843 197 2927 μεῖζόν
213 2845 281 2911 έστι
295 2847 357 2910 τοῦ
375 2839 440 2909 άπὸ
460 2844 518 2926 τῆς
531 2849 564 2907 A
580 2844 626 2931 τῷ
645 2840 711 2908 άπὸ
731 2845 789 2927 τῆς
804 2847 877 2907 ZA.
913 2840 1096 2908 συνακτέον

88 2953 129 3034 δη
152 2947 211 3016 τὸν
236 2949 339 3033 λόγον
362 2946 418 3013 καὶ
442 2943 560 3024 οὕτως·
596 2944 634 3014 τὸ
658 2943 724 3014 άττὸ
752 2957 811 3029 τῆς
834 2952 900 3012 ΒΓ
923 2953 999 3011 ίσον
1028 2944 1097 3013 ἐστὶ

86 3058 132 3145 τῳ
160 3054 310 3139 τετράκις
337 3050 402 3119 άπὸ
432 3055 489 3138 τῆς
511 3058 581 3119 ΕΓ.
630 3051 668 3119 τὸ
692 3051 841 3136 τετράκις
863 3048 928 3119 άπὸ
952 3054 1011 3137 τῆς
1034 3057 1101 3119 ΕΓ

87 3168 162 3227 ἴσον
183 3161 250 3227 ἐστὶ
264 3172 335 3237 τοῖς
348 3155 414 3225 άιτὸ
433 3161 492 3243 τῆς
505 3166 537 3224 A
554 3159 609 3225 καὶ
628 3155 693 3227 άτιό
712 3161 770 3244 τῆς
785 3164 851 3224 ZA
867 3158 1096 3243 τετραγώνοις.
1115 3175 1150 3226 κο

85 3264 123 3333 τὸ
148 3264 214 3352 άρα
233 3262 298 3332 άττὸ
316 3269 375 3350 τῆς
389 3268 456 3331 ΒΓ
475 3271 551 3332 ίσον
570 3265 639 3331 ἐστὶ
656 3277 726 3342 τοῖς
745 3263 809 3330 άπὸ
829 3267 889 3349 τῆς
902 3271 934 3330 A
951 3262 1007 3329 καὶ
1022 3269 1096 3329 ZA.

159 3486 217 3534 120.
238 3476 336 3546 (ια’).
412 3482 470 3533 121.
491 3476 589 3545 (με’).

160 3681 184 3727 3.
204 3669 371 3742 σύμμετρος]
391 3689 442 3725 scr.
462 3668 650 3739 άτάμμετρος;
670 3671 719 3725 cfr.
734 3671 773 3725 111
791 3689 817 3741 p.
833 3677 876 3738 54,
891 3677 934 3725 20.
989 3675 1013 3724 9.
1033 3669 1096 3739 με’).-

85 3742 190 3886 ἐρρμιρρὶ
204 3743 277 3883 ἰῳίεο.
295 3742 343 3796 lin.
365 3747 406 3795 12.
468 3747 508 3795 10.
530 3739 570 3804 είς
588 3738 620 3795 τὸ
640 3739 677 3807 ιζ’
697 3760 724 3811 q.
787 3740 950 3816 16.τό]τῳ
970 3758 997 3810 q.
1052 3744 1095 3794 22.
