2414 4236
135 516 200 581 148
288 517 445 569 scnom
462 518 502 569 m
519 516 794 569 ELEMENTOBUM
810 516 986 569 Imm

135 660 180 744 ἕξ,
202 655 374 745 τεσσάρων
399 654 436 724 δὲ
461 654 562 741 ὀκτώ,
589 656 645 724 καὶ
673 652 724 724 ἐπ’
749 653 889 742 ἄπειρον
917 652 1051 743 δμοίως.
1096 650 1152 723 ἀεὶ

134 763 199 851 γάρ
231 762 477 845 διπλασιάζεται
508 754 546 832 τὸ
579 770 711 850 πλῆθος
745 767 815 831 των
846 760 1008 847 εὐθειῶν,
1043 762 1083 829 αἱ
1113 756 1153 829 δδ

135 875 256 957 γωνίαι
279 867 363 935 κατὰ
388 866 449 955 μὲν
471 866 510 937 τδ
532 873 664 954 πλῆθος
683 865 851 955 αὔξονται,
871 866 955 935 κατὰ
977 866 1016 937 δὲ
1037 864 1078 935 τδ
1098 866 1154 955 μέ·

134 985 237 1061 γεδος
260 978 493 1059 έλασσοῦνται,
516 972 604 1041 διότι
626 973 664 1042 τὸ
689 972 929 1061 διαιρούμενον
951 968 1005 1041 ἀεὶ
1026 969 1153 1041 ταάτδκ

99 1084 225 1154 σέστιν
249 1084 287 1147 αί
308 1072 330 1149 δ
352 1078 465 1165 ὀρθαί.
501 1085 560 1146 καί
580 1081 650 1148 ἐστι
672 1077 710 1148 τδ
728 1078 891 1167 δειδρημα
908 1083 1010 1149 τοῦτο
1029 1086 1153 1147 Πυδα·

134 1187 278 1274 γόρειον.

202 1298 254 1362 63.
282 1291 439 1380 Πόρισμα
455 1295 524 1360 έστι
537 1289 575 1360 τδ
591 1294 709 1359 ἐκτῶν
723 1290 1017 1379 ἀποδεδειγμένων
1035 1292 1153 1379 ἕτερον

135 1399 179 1487 μὴ
206 1399 348 1486 ζητηθέν
374 1396 614 1485 συναναφανὲν
637 1397 809 1487 θεώρημα,

203 1510 256 1574 64.
282 1511 325 1571 Τί
336 1508 405 1573 έστι
418 1504 581 1591 πόρισμα;
599 1502 747 1592 πόρισμά
762 1505 832 1572 ἐστι
844 1500 928 1571 κατὰ
941 1500 1154 1589 συμβεβηκδς

84 1636 119 1685 10
137 1613 252 1698 ἑτέρου
271 1613 501 1698 δεικνυμένου,
521 1609 576 1679 ὅτε
594 1610 649 1677 καὶ
664 1609 780 1695 ἕτερόν
793 1636 826 1677 τι
840 1612 1154 1678 συννποδείκνυται.

136 1724 171 1784 τί
196 1720 287 1785 ἐστιν
311 1723 477 1796 ὲ’νστασις;
514 1721 668 1796 ένστασίς
691 1719 760 1784 ἐστι
791 1714 922 1803 ζήτησις
948 1716 986 1783 έν
1013 1718 1060 1807 τῷ
1091 1718 1155 1785 δτι·

136 1825 301 1913 κνυμένῳ,
324 1814 363 1908 ἧς
386 1820 469 1889 ἀνευ
486 1826 655 1907 προβῆναι
679 1820 742 1908 οὐχ
766 1816 841 1890 οἷόν
864 1846 900 1889 τε
922 1820 967 1908 μὴ
990 1826 1156 1909 λυθείσης

137 1933 196 2015 τῆς
218 1926 418 2012 ἀντιλογίας.

500 2124 555 2187 Ad
580 2147 683 2208 prop.
706 2125 793 2189 XVI.

87 2269 119 2319 15
206 2249 256 2313 65.
294 2243 338 2313 Τδ
364 2243 410 2322 ις’
435 2244 595 2331 θεώρημα
619 2252 825 2329 προτείνεται
844 2244 937 2330 ἡμῖν,
961 2243 1012 2313 ὅτι
1031 2247 1157 2327 πατπὸς

138 2352 306 2442 τριγώνου
330 2353 387 2418 έάν
411 2357 491 2437 μίαν
514 2350 589 2418 τινὰ
612 2355 680 2418 των
711 2356 864 2435 πλευρῶν
892 2352 1157 2442 προσεκβάίλης,

138 2460 200 2546 τὴν
221 2458 312 2538 ἐκτὸς
326 2461 432 2525 αὐτοῦ
449 2458 698 2542 συνισταμένην
712 2463 839 2542 γωνίαν
855 2454 1008 2542 εὑρήσεις
1021 2466 1157 2546 μείζονα

138 2570 206 2633 τῶν
240 2561 333 2641 έντδς
365 2563 420 2628 καὶ
450 2560 654 2630 ἀπεναντίον
685 2565 847 2647 ἑκατέρας.
898 2561 1089 2650 ἀναγκαίως
1118 2562 1157 2632 δὲ

139 2669 222 2755 πρὸς
244 2668 301 2747 τὰς
320 2670 523 2735 ἀπεναντίον
543 2667 653 2755 αὐτὴν
672 2671 846 2754 ουνέκρινε
865 2671 918 2737 καὶ
936 2668 978 2737 οὐ
991 2669 1077 2756 πρὸς
1094 2668 1158 2757 τὴν

87 2801 122 2851 20
142 2778 272 2862 ἐφεξῆς,
306 2774 377 2861 ἥτις
406 2775 496 2841 ἐστὶν
524 2773 545 2860 ἡ
575 2781 718 2861 πλησίον
746 2774 849 2862 αὐτῆς
881 2775 975 2855 ἐντὸς
1006 2779 1157 2864 κειμένη·

141 2880 223 2967 αὕτη
247 2880 309 2968 μὲν
332 2880 397 2969 γὰρ
420 2882 476 2947 καὶ
500 2889 555 2966 ἴση
582 2881 724 2948 δύναται
748 2880 836 2949 εἶναι
859 2884 913 2949 καὶ
933 2882 1080 2950 ε’λάττων
1099 2888 1158 2970 τῆς

141 2989 240 3068 ἐκτός.
286 2987 306 3075 ἡ
341 2987 377 3056 δὲ
410 2986 501 3065 έκτδς
532 2988 688 3074 ἑκατέρας
720 2995 841 3073 μείζων
871 2992 906 3056 ἐκ
936 2986 1061 3068 παντὸς
1090 2993 1156 3057 τῶν

141 3094 343 3163 ἀπεναντίον
371 3094 455 3181 αὐτῇ
483 3097 654 3179 κειμένων.
708 3093 766 3162 έάν
793 3097 858 3181 γάρ
889 3094 1109 3181 ὀρθογώνιον
1135 3088 1157 3185 ᾖ

140 3201 178 3269 τὸ
202 3209 383 3287 τρίγωνον,
411 3200 466 3266 καὶ
496 3200 774 3287 προσεκβάλωμεν
798 3207 878 3287 μίαν
900 3205 969 3267 τῶν
994 3199 1070 3287 περὶ
1095 3204 1158 3289 τὴν

89 3333 123 3381 ευ
144 3305 269 3393 ὀρθήν,
298 3305 318 3392 ἡ
344 3303 436 3383 έκτδς
459 3314 514 3391 ίση
538 3311 629 3372 ἔσται
653 3309 692 3393 τῇ
716 3309 848 3393 ἐφεξῆς,
877 3305 936 3374 ἐὰν
966 3304 1002 3373 δὲ
1032 3305 1158 3393 ἀμβλυ-

145 3413 271 3500 γώνιον
294 3403 327 3500 ᾗ,
352 3416 442 3478 ἔσται
467 3411 614 3480 δυνατὸν
636 3410 698 3498 τὴν
717 3413 811 3491 ἐντὸς
828 3419 961 3499 μείζονα
979 3416 1038 3499 τῆς
1057 3412 1161 3495 έκτός.

144 3728 260 3735 ——.-

219 3789 241 3837 l.
266 3782 332 3838 Post
351 3782 380 3849 ’ἐξ
400 3786 430 3838 et
448 3777 520 3838 δκτά
546 3800 600 3839 τοι.
620 3783 650 3839 Ρ.
725 3789 766 3838 16.
789 3765 958 3855 προαεκβαυ
978 3783 1015 3850 V,
1039 3801 1162 3853 προσεκ-

140 3851 243 3927 βάλοις
260 3855 376 3910 Ρτουδυε
395 3872 422 3925 p.
442 3859 502 3922 ³06,
524 3860 557 3907 10
575 3853 637 3923 (σεδ
656 3849 684 3907 εί
700 3852 765 3909 hab.
785 3870 835 3924 pro
855 3849 925 3923 ίάτ).
