2414 4236
213 518 369 570 SCHOLIA
388 520 427 571 IN
444 518 719 571 ELEMENTORUM
736 520 876 572 LIBRUM
889 521 922 571 X.
1012 515 1077 581 451

64 657 121 725 καὶ
143 661 206 725 τοῦ
228 669 250 744 η
273 660 311 725 αλ
331 664 482 745 πλευραί,
506 662 537 726 εί
557 658 613 725 καί
636 661 681 746 μὴ
704 657 787 726 κατὰ
810 656 848 728 τὸ
871 660 994 745 μίτρον
1010 662 1079 728 τῶν

64 763 223 851 ἀρνθμῶν
247 762 469 851 εὑρίσκονται,
493 761 567 833 ἀλλ’
589 757 654 833 οὖν
671 763 781 846 ἄλλως
799 765 864 833 είσὶ
883 763 1079 851 σύμμετροι·

64 870 154 956 ὅμως
184 867 251 938 ὑπὸ
283 868 503 957 τετραγώνων
534 868 693 958 ἀριθμῶν
729 869 769 938 τδι
806 875 912 958 χωρία
948 867 990 938 οὐ
1027 897 1079 957 με·

65 976 236 1063 μέτρηται,
269 982 301 1044 εί
325 978 382 1045 καὶ
414 986 609 1065 μετρεῖσθαι
642 976 795 1047 δύναται.
845 976 980 1056 εἰκότως
1014 967 1079 1044 οὖν

64 1079 275 1171 ἐνταῦθαχού
292 1087 414 1151 τοῦτον
430 1081 491 1152 τὸν
504 1081 630 1168 τρόπον
646 1080 803 1170 ῶρίσοιτο,
822 1080 906 1151 ἀλλά
919 1080 960 1149 τδι
974 1080 1079 1168 λόγον
1115 1104 1134 1154 ο

65 1189 170 1276 φησὶν
203 1195 337 1276 ἔχοντα,
370 1186 412 1257 δν
445 1187 592 1275 ἀριθμὸς
617 1189 827 1276 τετράγωνος
858 1187 942 1276 πρὸς
968 1186 1078 1274 τετρά-

64 1322 177 1381 γωνον
209 1293 367 1383 ἀριθμόν.
416 1296 473 1364 καὶ
505 1298 655 1365 ἐνταῦθα
688 1295 726 1364 δὲ
755 1294 798 1364 οά
826 1295 936 1383 μάτην
963 1292 985 1381 ἡ
1017 1297 1079 1363 τοῦ

64 1400 276 1488 τετραγώνου
290 1399 440 1488 ἀριθμοῦ
454 1403 628 1489 γεγένηται
642 1400 771 1488 μνήμη·
790 1406 821 1469 εί
833 1404 897 1488 γὰρ
912 1393 956 1488 ἦν
970 1399 1079 1487 μόνον

65 1505 106 1575 ὃν
129 1507 277 1594 ἀριθμὸς
304 1510 388 1594 πρὸς
411 1505 562 1595 ἀριθμὸν
591 1507 806 1595 δρισάμενος,
837 1503 1078 1589 ίπλεόναζενδ

66 1615 153 1701 ὅρος.
202 1612 242 1681 τά
274 1613 340 1701 γὰρ
373 1618 574 1682 διπλασίονα
606 1614 710 1701 λόγον
739 1619 857 1701 ἔχοντα
885 1612 1079 1701 τετράγωνα
1099 1635 1133 1684 10

64 1718 148 1805 πρὸς
170 1719 299 1808 ἀλληλα
322 1722 530 1806 συμμέτρους
553 1725 622 1789 ἔδει
640 1720 700 1801 τὰς
717 1719 864 1810 πλενράς
881 1726 979 1808 ἔχειν.
1016 1719 1079 1789 οὐκ

64 1833 178 1914 ἔχουσι
198 1830 249 1895 δέ·
272 1828 326 1894 καὶ
349 1826 414 1914 γὰρ
439 1827 460 1913 ἡ
484 1831 546 1895 τοῦ
569 1833 719 1914 μείζονος
741 1833 800 1915 τῆς
822 1830 885 1896 τοῦ
907 1825 1079 1915 παράλλης

64 1933 246 2019 διαγώνιός
278 1936 376 2002 ἐστιν.
424 1937 455 2000 εί
485 1939 602 2001 τοίνυν
635 1936 691 2000 διὰ
720 1932 782 2020 μὲν
809 1936 873 2002 τοῦ
899 1932 1007 2019 φάναι
1037 1929 1078 2000 δν

64 2038 211 2126 ἀριθμὸς
241 2038 327 2127 πρὸς
356 2036 505 2127 ἀριθμὸν
532 2040 728 2122 ἐπλεόναζεν
760 2039 778 2109 δ
814 2039 893 2127 ὅρος
921 2047 1079 2127 περιλαμ-

64 2145 181 2231 βάνων
199 2144 313 2212 καὶτὰ
333 2145 377 2233 μὴ
398 2145 605 2232 συμμέτρους
624 2149 742 2231 ἔχοντα
760 2146 820 2226 τὰς
840 2145 997 2230 πλενράς,
1022 2143 1077 2213 διὰ
1097 2163 1132 2214 16

65 2250 102 2318 δὲ
130 2254 192 2318 τοῦ
221 2255 327 2318 εἰπεῖν
353 2248 420 2320 ὑπὸ
443 2251 663 2338 τετραγώνων
686 2249 845 2339 ἀριθμῶν
869 2252 1079 2339 μετρούμενα

65 2360 205 2437 ἐλλιπῶς
228 2355 317 2444 είχεν
340 2357 385 2445 μὴ
409 2359 572 2444 περιέχων
594 2356 634 2426 τὰ
655 2359 864 2444 συμμέτρους
882 2362 1001 2444 ἔχοντα
1019 2355 1079 2435 τὰς

62 2461 211 2547 πλευρὰς
228 2459 294 2530 ὑπὸ
312 2462 531 2549 τετραγώνων
551 2462 612 2549 μὲν
626 2461 670 2548 μὴ
686 2463 894 2549 μετρηθέντα
908 2459 1077 2549 ἀριθμῶν,

63 2570 167 2654 λόγον
191 2567 228 2636 δὲ
251 2573 319 2637 τῶν
342 2566 500 2657 ἀριθμῶν
524 2568 682 2656 ἐχόντων,
706 2564 748 2636 ὃν
766 2567 973 2657 τετράγωνος
995 2567 1078 2656 πρὸς

63 2674 273 2761 τετράγωνον
296 2671 458 2761 ἀριθμόν,
482 2675 617 2754 εἰκότως
635 2675 829 2763 πρόσκειται
846 2673 885 2743 τὸ
904 2670 946 2743 ὃν
964 2674 1076 2763 τετρά-
1096 2693 1130 2743 20

62 2808 172 2868 γωνος
194 2780 280 2868 πρὸς
301 2779 526 2866 τετράγωνον·
563 2779 779 2867 περιλήψεται
807 2780 872 2869 γὰρ
899 2782 1008 2849 πάντα
1036 2779 1077 2847 τὰ

62 2895 178 2975 χωρία,
202 2886 240 2973 ἀ,
265 2891 296 2954 εί
315 2888 372 2954 καὶ
395 2886 440 2974 μὴ
464 2884 531 2955 ὑπὸ
553 2886 773 2973 τετραγώνων
796 2900 978 2973 μετρεῖται,
1000 2883 1074 2954 ἀλλ’

63 2986 126 3119 οὖν
151 2994 322 3080 σύμμετρα
346 2991 429 3061 ὄντα
453 2996 661 3081 συμμέτρους
683 2998 750 3079 ἔχει
772 2993 828 3060 καί
846 2991 905 3072 τὰς
922 2992 1077 3081 πλευράς.
1167 3014 1173 3028 ’

136 3160 158 3207 1.
184 3152 226 3224 εί]
246 3170 300 3208 om.
321 3170 347 3220 q.
433 3149 465 3207 τὸ
484 3151 599 3238 μίτραν]
619 3150 752 3222 μέροςΒ.
844 3158 869 3206 6.
893 3150 1074 3240 μεμέτρηται]

60 3231 206 3295 μετρεῖται
224 3224 344 3279 BFVat.
418 3229 443 3277 4
463 3243 549 3294 μετρη
515 3222 670 3293 ρῆσθαιΡ.
744 3227 769 3277 ⁶.
789 3219 835 3296 οὐ]
855 3215 939 3277 ἀσΡ.

62 3294 199 3352 σαντοΒ.
278 3301 304 3350 6.
320 3288 498 3383 τετράγωνος
516 3290 692 3380 ἀριθμδςδς
716 3293 826 3361 reliqua
843 3311 908 3364 pars
927 3226 1068 3349 ιολιοΙίἰάί
1046 3313 1077 3348 m

62 3365 112 3422 fol,
128 3381 197 3435 seq,
216 3365 280 3421 add.
295 3363 329 3420 τὰ
350 3361 474 3435 ἐχόμενα
493 3362 580 3429 είς
552 3385 583 3419 το
604 3359 669 3434 ἕξης
678 3362 826 3452 μέτωπον
898 3369 925 3419 8.
944 3363 987 3436 εί]
1006 3360 1075 3433 ηΡ.
1138 3370 1145 3397 ¹

99 3442 140 3491 10.
162 3408 357 3503 διπλάσιονΡ,
377 3438 525 3491 διπλασίου
539 3435 573 3490 V.
634 3432 706 3504 πρὸς
724 3430 829 3504 ἄλληλα
843 3430 1005 3504 τιτράγωνα
1019 3434 1075 3505 Fq.

98 3513 139 3563 11.
159 3505 223 3593 τάς]
242 3507 290 3561 nal
309 3504 408 3570 τάςΒ.
502 3513 542 3562 12.
561 3504 624 3577 τῆς]
643 3523 694 3561 scr.
713 3505 830 3572 πλινρά.
914 3506 978 3578 τοῦ]
997 3523 1075 3575 τις.

96 3576 253 3665 παράλλης]
268 3577 384 3646 PBVq,
397 3574 655 3647 τιιιράλλονδίειλ,ο
641 3578 714 3643 =F3
729 3576 811 3632 florib.
822 3572 977 3640 ίλάττονος.
1033 3582 1074 3633 18.

60 3645 238 3719 διγῶνιοςη.
330 3619 419 3721 ἐστιν]
442 3665 495 3705 om
515 3666 540 3717 q.
632 3654 674 3703 14.
698 3647 945 3775 περιλαμχάνωη.
1034 3653 1075 3703 16.

59 3720 391 3809 μετρουμετρονμεναΒ.
472 3725 512 3775 17
538 3714 669 3782 ἐλλειπῶς
686 3718 802 3774 BFVat
935 3736 989 3788 περ
990 3716 1034 3788 ιίχ
1035 3738 1075 3773 ων

58 3791 107 3916 τέ]
127 3791 343 3934 χεριίχιχχταιχ.
429 3787 479 3917 χά]
497 3788 548 3854 τάς
565 3788 627 3845 Fv.
717 3796 757 3845 19.
781 3787 924 3860 λόγων.
1006 3789 1081 3861 τῶνὶ

59 3881 109 3916 τν
293 3882 324 3916 το
357 3878 411 3915 om.

882 3951 943 4006 w*
