2414 4236
123 494 165 558 76
273 495 431 549 scnom
448 496 488 548 IN
505 496 779 550 mmmm
796 497 937 551 LIBRUM
951 499 973 553 L

121 638 159 704 ἐν
187 649 363 723 χωριστοίς
389 634 566 723 ὑφεστῶτα
597 635 713 724 λόγοις
739 635 792 705 ἀεὶ
817 635 881 724 τῆν
910 636 1139 726 ἀρχικωτέραν

121 741 309 810 ὑπόστασιν
332 741 543 831 ἐκληρώσατο
561 747 631 811 τῶν
650 744 839 830 συνθέτων,
862 736 938 813 οἷον
957 746 994 812 ἐν
1012 748 1062 835 νῷ
1081 745 1137 813 καὶ

121 862 256 935 ψυχαῖς·
280 850 348 916 ἐκεῖ
369 847 435 936 γὰρ
457 847 498 917 τὰ
521 845 730 936 ἀπλούστερα
752 853 821 917 τῶν
844 850 1023 917 συνθέτων
1045 850 1138 918 ἐστὶν

121 953 334 1024 ὑποστατικά.
369 955 409 1022 τὰ
433 955 471 1024 δέ
493 953 576 1042 ύλης
599 953 742 1041 δεόμενα
764 953 820 1022 καὶ
843 957 880 1023 ἐν
903 953 1018 1034 ἄλλοις
1041 955 1137 1043 ἑόρα-

86 1062 243 1148 5ζόμενα
266 1061 349 1130 κατὰ
372 1062 410 1130 τὸ
436 1061 605 1130 σύνθετον
628 1064 757 1147 μᾶλλον
776 1065 842 1148 ἔχει
859 1058 922 1146 τῆν
939 1058 1138 1149 ὑπόστασιν,

120 1175 179 1237 καί
209 1173 296 1238 είσιν
330 1164 506 1248 ούσιιόθεις
537 1175 668 1254 μᾶλλον
697 1171 733 1236 οί
757 1171 906 1237 τοιοῦτοι
929 1166 1033 1254 λόγοι.
1080 1167 1137 1237 διὰ

121 1280 222 1344 τοῦτο
246 1279 283 1344 έν
307 1281 476 1364 φαντασίᾳ
498 1275 648 1354 καὶτοῖς
674 1278 851 1361 αἰσθητοῖς
875 1275 1138 1362 προηγουμένως

121 1381 251 1468 μᾶλλόν
280 1386 367 1449 είσιν
395 1383 430 1448 οί
454 1385 523 1448 τῶν
550 1380 809 1466 περατουμένων
837 1381 947 1467 λόγοι,
980 1380 1137 1466 ἑπόμενοι

122 1488 159 1555 δέ
192 1491 227 1556 οί
256 1491 325 1555 τῶν
358 1484 603 1574 περατούυτων.
648 1488 705 1554 ἰ’να
736 1485 801 1574 γὰρ
827 1485 866 1554 τὸ
896 1491 992 1573 σῶμα
1020 1484 1066 1574 μῆ
1089 1492 1138 1568 είς

69 1611 103 1662 10
121 1591 274 1678 ἀπειρίαν
298 1594 429 1682 ἐκπέση,
452 1591 473 1679 ἡ
497 1596 556 1678 τῆς
575 1595 769 1678 ἐπιφανείας
786 1593 927 1678 γέγονεν
944 1592 1056 1678 φύσις,
1079 1593 1136 1660 καί

121 1703 178 1766 ἵνα
201 1698 246 1788 μῆ
270 1698 370 1786 αὕτη,
401 1697 423 1785 ἡ
445 1703 505 1785 τῆς
528 1702 695 1785 γραμμῆς,
726 1699 782 1766 καί
809 1696 848 1766 τό
875 1710 1016 1784 σημεῖον
1038 1699 1136 1767 ἕνεκα

121 1810 180 1890 τῆς
202 1810 364 1892 γραμμῆς.
373 1792 381 1799 ”
400 1806 622 1892 τρανέστερον
644 1802 709 1892 γὰρ
732 1800 753 1891 ῆ
777 1802 842 1890 ὑλη
864 1801 945 1882 τούς
967 1811 1135 1871 συνθετω-

121 1911 237 1995 τέρονς
260 1907 344 1994 ῆπερ
376 1907 457 1987 τούς
485 1905 732 1997 ἁπλουστέρους
758 1905 948 1989 ὑπεδέξατο.
983 1913 1053 1989 πῶς
1072 1900 1136 1977 οὑν

122 2017 159 2082 ἐν
182 2019 231 2106 νῷ
255 2016 310 2082 καί
329 2020 418 2103 ψυχῇ
438 2013 575 2083 πάντων
595 2013 704 2083 ὄντων
722 2011 858 2102 ἀμερῶν
877 2016 914 2081 έν
932 2011 996 2102 ὕλη
1015 2014 1055 2082 τὰ
1074 2016 1136 2101 μὲν

70 2140 103 2188 ιο
121 2122 382 2207 προηγουμένως
405 2123 582 2209 ἐμερίσθη,
605 2120 646 2188 τὰ
671 2117 702 2187 θ’
728 2127 858 2208 ἔμεινεν
882 2118 987 2206 ἀμερῆ
995 2149 1002 2197 ;
1035 2117 1135 2206 ῆκαί

122 2228 159 2294 ἐν
181 2227 313 2307 τούτοις
335 2227 425 2309 τάξις
448 2230 552 2315 ἐστίν,
580 2226 620 2294 τὰ
644 2227 705 2313 μὲν
728 2226 792 2314 γάρ
817 2227 1043 2311 ένοειθέστερα
1067 2232 1136 2294 τῶν

122 2338 223 2402 είδῶν
251 2338 335 2420 ἐστι,
367 2337 407 2402 τὰ
437 2335 475 2403 δέ
503 2335 751 2420 συνθετῶτερα,
783 2334 838 2400 καὶ
867 2330 906 2399 τά
935 2332 996 2420 μέν
1020 2336 1135 2418 πέρατι

121 2441 296 2527 σύστοιχα,
323 2441 363 2508 τὰ
392 2440 430 2510 δὲ
459 2439 602 2531 ἀπειρίᾳ.
647 2438 764 2508 καὶτὸ
789 2453 928 2524 σημεῖον
951 2436 1069 2526 ἀμερὲς
1093 2435 1135 2507 ὂν

122 2550 191 2615 ἐκεῖ
220 2549 326 2631 πάντη
358 2546 440 2612 κατὰ
468 2545 506 2614 τὸ
534 2549 635 2628 πέρας
667 2543 870 2631 ὑφέστηκεν,
903 2551 969 2632 ἔχει
1003 2544 1040 2613 δὲ
1072 2544 1135 2632 τῆν

67 2669 102 2717 νο
122 2651 262 2736 ἄπειρον
287 2652 434 2737 δύναμιν
457 2657 622 2738 κρυφίως,
650 2651 729 2718 καθ’
756 2648 800 2736 ῆν
823 2652 993 2740 ἀπογεννᾷ
1017 2651 1136 2720 πάντα.

123 2755 140 2826 ὁ
175 2757 211 2823 δὲ
242 2759 303 2823 τοῦ
335 2755 488 2843 σώματος
523 2760 622 2842 λόγος
653 2761 711 2843 τῆς
741 2762 803 2825 τοῦ
836 2756 978 2843 ἀπείρου
1010 2759 1135 2844 μετέχει

121 2867 251 2949 μᾶλλον
275 2864 461 2949 δυνάμεως·
488 2864 621 2931 διὸκαὶ
646 2861 700 2950 ἐφ’
727 2862 866 2949 ἄπειρον
889 2867 1049 2951 τέμνεται.
1095 2863 1135 2931 τά

122 2970 160 3038 ὑὲ
192 2971 313 3056 μεταξὺ
345 2969 475 3038 τούτων
506 2973 547 3037 τὰ
580 2969 642 3056 μέν
674 2968 757 3055 πρὸς
787 2974 833 3061 τῷ
861 2972 993 3057 πέρατι,
1025 2969 1065 3037 τά
1098 2971 1135 3038 δὲ

121 3075 205 3164 πρὸς
235 3080 281 3168 τῶ
314 3070 438 3166 ἀπείρῳ
472 3078 549 3143 ἐστί.
608 3075 710 3161 πέρας
741 3068 805 3144 οὑν
836 3076 892 3144 καὶ
923 3075 961 3144 τὸ
995 3088 1135 3162 σημείου

67 3197 102 3248 25
122 3181 274 3268 ὑπάρχον
299 3184 335 3250 ἐν
358 3185 397 3270 τῆ
421 3182 552 3267 μεθέξει
575 3180 637 3267 τῆν
657 3186 784 3250 οίιιείαν
803 3181 961 3268 φνλάττει
981 3183 1135 3269 δύναμιν,

122 3295 200 3375 ἐχον
231 3289 267 3356 όέ
295 3287 357 3373 τῆν
380 3285 535 3372 ἀπειρίαν
558 3293 708 3373 κρυφίως
730 3285 916 3375 ἀπειραχῶς
939 3291 1134 3375 ἐμφαίνεται

122 3396 159 3461 ἐν
186 3408 257 3473 τοῖς
283 3391 340 3460 ὑπ’
367 3390 472 3461 αὑτοῦ
499 3395 769 3482 περατουμένοις.
813 3395 869 3462 καί
897 3396 967 3462 ἐπεὶ
991 3394 1135 3480 δύναμις

122 3491 165 3585 ῆν
189 3503 258 3566 ἐκεῖ
278 3498 386 3566 πάντα
409 3506 577 3585 τίκτουσα,
601 3501 742 3589 δυνάμει
765 3501 820 3569 καὶ
843 3505 943 3569 τούτο
962 3504 1134 3586 προῆλθεν

122 3604 291 3691 φυλάττον
314 3604 375 3692 μέν
398 3603 458 3692 τῆν
482 3605 639 3695 ἀμερίαν,
668 3607 826 3692 δεύτερον
855 3606 893 3675 δὲ
915 3603 986 3673 κατ’
1013 3605 1135 3673 ούσίαν

69 3730 103 3778 30
122 3710 272 3798 ὑπάρχον
296 3716 364 3780 τῶν
388 3715 575 3782 συνθέτων·
609 3719 737 3801 μᾶλλον
759 3712 823 3798 γὰρ
848 3709 868 3799 ῆ
891 3709 955 3797 ύλη
979 3711 1134 3799 μετέσχεν

193 3842 219 3888 2.
240 3835 414 3907 συνθέντων,
434 3837 491 3893 sed.
513 3854 597 3903 corr.;
618 3838 687 3892 item
706 3835 755 3891 lin.
775 3844 800 3891 8.
866 3841 906 3890 1³.
928 3831 1014 3907 ἥπερ]
1028 3829 1045 3906 ῆ
1060 3837 1133 3903 περί.
