2414 4236
207 483 363 535 SCHOLIA
381 484 420 535 IN
438 482 712 534 ELEMENTORUM
729 483 868 535 LIBRUM
882 483 929 537 VI.
1011 480 1077 545 329

59 633 166 691 ταῦτα
188 621 298 690 πάντα
324 623 364 690 τὰ
392 624 475 710 με’ρη
503 628 631 709 γίνεται
659 620 765 709 μονάς
792 629 867 709 μία,
899 620 971 709 ἥτις
1001 642 1077 691 σνν-

61 738 211 816 αφδεῑσα
234 733 274 817 τῇ
298 728 362 813 πρὸ
387 726 490 815 αὐτῆς
512 733 640 816 γίνεται
664 728 737 796 δύο.
783 726 835 797 ὅτι
865 727 901 796 δὲ
928 727 969 796 τὰ
992 730 1075 815 μέρη

59 839 165 904 ταῦτα
187 833 295 922 μονάς
321 840 464 920 γίνεται,
491 833 605 922 γνώσῃ
635 833 754 914 οὕτως·
793 831 906 921 εὑρεῖν
919 834 992 921 “χρὴ
1015 833 1075 902 τὸν

61 947 180 1028 ἔχοντα
202 939 341 1025 πρώτως
365 938 429 1008 άπὸ
454 940 603 1027 μονάδος
624 940 664 1009 τὰ
690 942 773 1027 μέρη
791 944 896 1008 ταῦτα
914 938 1076 1026 ἀριθμόν,

61 1044 98 1127 ὃς
130 1049 354 1135 λαμβανέσθω
384 1046 428 1129 ὡς
459 1054 518 1135 μία
551 1047 672 1135 μονάς,
704 1053 774 1116 ἔστι
802 1047 840 1115 δὲ
863 1044 880 1114 ὁ
905 1045 1075 1133 ἑξήκοντα.
1112 1073 1129 1123 6

60 1155 184 1222 τούτου
196 1161 315 1223 τοίνυν
329 1156 487 1243 τέταρτον
500 1155 540 1222 τὰ
557 1156 744 1240 δεκαπέντε,
758 1159 872 1242 τρίτον
885 1151 925 1221 τὰ
941 1160 1076 1238 εἴκοσιν,

62 1263 253 1330 δωδέκατον
274 1263 315 1330 τὰ
338 1264 446 1347 πέντε,
469 1263 618 1348 πέμπτον
641 1260 682 1328 τά
701 1260 843 1346 δώδεκα,
866 1258 1017 1328 εἰκοστὸν
1035 1256 1075 1328 τά

62 1374 154 1453 τρία,
181 1369 478 1435 πεντεκαιδέκατον
501 1367 542 1434 τὰ
566 1369 726 1453 τέσσαρα,
754 1364 933 1452 ἑξηκοστὸν
961 1355 1000 1434 τὸ
1025 1367 1075 1434 ἕν·

61 1475 239 1542 δεκαπέντε
273 1474 309 1542 δέ
341 1474 396 1541 καὶ
425 1483 553 1542 εἰκοσιν
581 1474 636 1540 καὶ
660 1474 757 1540 πέντε
783 1473 838 1540 καὶ
863 1472 993 1540 δώδεκα
1020 1472 1076 1540 καὶ

60 1584 136 1664 τρία
163 1580 218 1647 καὶ
245 1582 390 1668 τέσσαρα
418 1580 473 1646 καὶ
501 1583 539 1648 ’ἐν
567 1578 734 1666 ἑξήκοντα.
781 1576 869 1647 οὕτω
897 1578 935 1647 δὲ
957 1579 1012 1647 καὶ
1041 1581 1076 1647 ἐκ
1096 1607 1130 1657 10

62 1690 242 1754 διπλασίου
264 1687 319 1753 καὶ
343 1691 542 1770 τριπλασίου
564 1685 620 1752 καὶ
642 1691 884 1771 τετραπλασίου
906 1690 1033 1772 γίνεται
1057 1683 1074 1754 ὁ

60 1792 480 1879 τετρακαιεικοσαπλάσιος,
501 1787 576 1860 οἷον
594 1783 658 1878 N
674 1785 712 1878 ιᾞ
728 1796 781 1880 μή.
820 1792 980 1879 λαμβάνω
999 1790 1076 1860 άντὶ

61 1899 123 1986 μὲν
146 1903 208 1967 τοῦ
232 1903 411 1968 διπλασίου
435 1899 510 1983 δύο,
533 1896 609 1966 άντὶ
633 1898 671 1967 δὲ
694 1902 756 1966 τοῦ
773 1905 972 1983 τριπλασίου
989 1905 1076 1984 τρία,

61 2002 137 2071 άντὶ
161 2004 197 2071 δὲ
216 2009 278 2072 τοῦ
295 2011 538 2092 τετραπλασίου
553 2006 708 2091 τέσσαρα,
730 2006 785 2072 καί
800 2005 1076 2087 πολλαπλασιάζω

62 2107 103 2175 τὰ
127 2109 190 2176 δύο
213 2109 267 2177 ἐπὶ
289 2109 330 2177 τὰ
351 2117 438 2197 τρία,
461 2111 517 2178 καί
540 2116 667 2196 γίνεται
692 2113 739 2192 ἕξ·
775 2109 845 2179 εἶτα
868 2112 908 2179 τὰ
932 2114 1076 2197 τέσσαρα
1097 2138 1130 2189 15

63 2215 115 2283 ἐπὶ
125 2216 165 2282 τὰ
180 2216 223 2300 ἐξ,
237 2216 293 2283 καὶ
307 2221 458 2302 γίνονται
473 2219 734 2304 εἰκοσιτέσσαρα,
750 2214 787 2297 ὅς
796 2219 865 2286 έστι
874 2218 1077 2306 παράνομος

62 2326 123 2390 τοῦ
145 2329 613 2408 τεσσαρακαιεικοσαπλασίου.

131 2432 159 2495 7.
194 2425 249 2495 Ἐκ
272 2428 309 2497 δὲ
330 2437 589 2498 πολλαπλασίων
612 2429 839 2510 πολυπλάσιος
862 2435 1077 2517 συγκείμενος

61 2531 247 2618 εὑρίσκεται
271 2532 389 2616 οὕτως·
416 2529 492 2604 οἷον
516 2533 535 2605 δ
560 2530 597 2623 ιδ
617 2541 678 2605 τοῦ
702 2542 722 2609 ξ
745 2535 930 2622 διπλάσιος,
954 2533 972 2605 ὁ
997 2535 1077 2607 δδξ

60 2645 122 2708 τοῦ
144 2632 398 2729 βτριπλάσιος
436 2645 473 2709 αί
497 2647 584 2729 γοῦν
612 2643 826 2730 πηλικότητες
849 2640 962 2711 αὐτοῖν
985 2640 1003 2711 ὁ
1027 2647 1076 2711 δι-
1095 2668 1130 2718 κο

60 2746 265 2828 πλάσιοςκαὶ
275 2745 293 2816 ὁ
304 2748 498 2834 τριπλάσιος
511 2746 556 2829 ὡς
571 2748 713 2836 ἀριθμοὶ
726 2751 1078 2830 πολυπλασιασθέντες

61 2859 213 2939 γίνονται
237 2853 439 2935 ἕξαπλάσιοι.
485 2855 537 2935 δὶς
562 2853 626 2943 γάρ
654 2855 694 2923 τά
718 2884 740 2942 γ
766 2858 816 2941 ἕξ,
849 2854 933 2925 ὅθεν
962 2853 979 2924 ὁ
1008 2857 1076 2937 ἑξα-

61 2958 202 3039 πλάσιος
223 2960 497 3048 παρονομάζεται.
535 2965 570 3029 οί
592 2962 630 3031 δὲ
652 2962 707 3029 καὶ
727 2960 772 3042 ὥς
791 2963 957 3050 έπιμόριοι
976 2971 1078 3031 πολυ-

61 3068 324 3161 πλασιασδέντες
350 3067 454 3135 πάλιν
486 3066 592 3148 oinos
623 3074 855 3136 συντίθενται·
896 3066 1079 3148 δωδεκάκις

60 3175 125 3259 γὰρ
147 3176 188 3240 τά
208 3176 242 3254 ἓξ
261 3172 491 3259 ἑβδομήκοντα
511 3173 574 3242 δύο
594 3174 649 3242 καὶ
669 3173 777 3255 ἑξάκις
794 3172 834 3241 τὰ
853 3172 917 3241 δύο
937 3173 1076 3259 δοίδεκα,
1095 3198 1130 3248 κο

62 3271 111 3348 ὧν
135 3278 316 3361 ἕξαπλάοια
342 3278 382 3346 τὰ
408 3270 467 3365 οδ,
499 3275 520 3346 ἃ
549 3283 713 3349 συνέθετο
742 3279 819 3349 ὅτε
845 3272 1078 3367 διπλάσιοςῖβ

61 3384 145 3472 πρὸς
168 3387 201 3467 ἓξ
225 3386 280 3452 καὶ
305 3381 323 3453 ὁ
346 3385 540 3472 τριπλάσιος
558 3391 578 3458 ξ
599 3385 682 3474 πρὸς
704 3378 735 3471 ᾗ

134 3588 158 3637 7.
178 3581 216 3635 V‘
236 3581 403 3706 (ίοῐλαιιομ

62 3653 154 3722 prima
172 3654 281 3722 septem
300 3653 364 3706 ante
404 3667 437 3706 οο
456 3654 640 3721 repetuntur).

406 3583 452 3635 ost
468 3598 509 3636 nr.
524 3586 554 3635 11
570 3579 794 3652 adiungendum
813 3597 878 3636 nam
897 3581 974 3637 illius
991 3584 1079 3638 uerba

135 3834 178 3882 23.
197 3825 429 3899 παρωνομάζεται
449 3827 482 3883 V.
