2414 4236
216 484 371 536 SCHOLIA
390 487 428 535 IN
446 484 721 536 ELEMENTORUM
739 484 878 536 LIBRUM
891 485 925 538 V.
1015 482 1081 548 303

132 626 185 692 55.
221 623 297 693 Δύο
322 624 386 712 γάρ
408 626 534 712 μεγέθη
552 651 593 694 τα
612 630 648 711 ιβ
665 606 774 692 καί
738 651 780 692 τα
796 634 824 692 θ
842 623 905 693 δύο
925 630 1079 712 μεγεθοόν

62 754 134 800 των
157 732 179 796 6
201 731 348 799 καὶτῶν
372 759 393 817 γ
416 735 524 810 ἰσάκις
546 729 790 800 πολλαπλάσια·
813 729 991 817 τριπλάσια
1013 729 1078 818 γάρ

62 832 165 925 άμφω
189 835 398 940 ἀμφοτέρων.
435 836 539 919 έάν”
517 862 584 924 αρα
606 837 837 923 ἀφαιρεθέντα
857 835 933 905 τινά
956 841 1025 906 τῶν
1045 843 1079 924 ιβ

62 942 119 1010 καί
141 969 211 1011 των
233 951 260 1009 θ
287 943 396 1023 ἰσάκις
423 935 444 1032 ᾗ
471 943 705 1011 πολλαπλάσια
726 947 796 1011 τῶν
820 948 841 1012 6
867 944 922 1011 καί
950 948 1019 1013 τῶν
1047 971 1078 1029 γ,

61 1045 175 1115 καί
140 1074 181 1115 τα
204 1051 471 1138 καταλειφθέντα
493 1052 562 1116 τῶν
580 1046 693 1118 αὐτῶν
717 1047 826 1129 ἰσάκις
848 1055 940 1118 ἔσται
958 1057 1079 1118 πολλα·
1116 1076 1132 1125 5

61 1149 223 1239 πλάσιαῆ
239 1160 304 1223 ἰσοι.
332 1152 589 1244 άφῃρήσθωσαν
602 1181 671 1223 των
688 1182 710 1242 μ
712 1156 749 1223 έν
765 1160 833 1242 ιβ
813 1182 846 1242 η,
864 1179 932 1224 των
952 1153 989 1224 δὲ
1008 1149 1078 1241 θέ,

61 1256 146 1344 άπερ
170 1260 294 1328 εἰσίνί
280 1260 388 1340 ἰσάκις
411 1259 642 1330 πολλαπλάσια
664 1264 732 1328 τῶν
756 1266 778 1328 6
801 1263 949 1330 καὶτῶν
973 1283 1005 1347 γ·
1030 1266 1077 1329 θι-

61 1365 188 1434 πλάσια
211 1365 276 1451 γάρ
300 1365 400 1454 άμφω
418 1366 638 1495 άμφοτέρων
668 1365 783 1434 καί
746 1392 788 1434 τα
811 1368 1078 1455 καταλειφθέντα

60 1475 130 1542 τοῖν
149 1480 183 1559 ιβ
201 1472 256 1540 καί
275 1499 343 1541 των
356 1472 435 1559 θ,
412 1499 521 1560 ηγονν
540 1499 580 1540 τα
567 1471 618 1540 6
634 1472 744 1540 καί
708 1499 750 1541 τα
770 1502 801 1559 γ,
821 1481 877 1541 ἰσα
891 1474 957 1542 εἰσι
972 1479 1078 1553 τοῑςδ

61 1578 117 1645 καί
130 1592 201 1659 τοῖς
214 1606 244 1664 γ
271 1577 396 1667 ὁμοίως
409 1577 451 1665 δὴ
466 1575 670 1665 θειξομεν,”
650 1604 703 1647 οτι
717 1580 755 1647 έν
768 1576 885 1658 άλλοις
899 1579 1076 1666 μεγέθεσιν
1096 1605 1130 1655 10

60 1682 170 1764 ἰσάκις
197 1688 262 1753 εἰσί
289 1684 523 1754 πολλαπλάσια
550 1688 619 1753 τῶν
646 1686 679 1766 ἐξ
710 1682 817 1773 άρχῆς
845 1683 1077 1773 ὑποκειμένων

60 1794 224 1876 μεγεθῶν.

58 2000 118 2071 τὸν
147 2002 185 2071 66
215 2003 300 2091 πρὸς
325 2004 387 2073 τὸν
416 2024 449 2075 ες
477 2007 679 2071 διπλασίονα
707 2002 813 2089 λόγον
840 2009 978 2135 έχοντα-.-
1015 1945 1077 2074 ἐάύ

60 2102 125 2178 οὖν
148 2107 315 2235 άφέλφς’
297 2109 362 2177 απὸ
386 2109 448 2197 μέν
470 2136 532 2178 του
517 2101 635 2190 {W
613 2131 770 2208 ημισν,ο
772 2105 827 2179 ἰον
849 2110 911 2180 τὸν
931 2103 1027 2198 λβ,’
1007 2138 1074 2179 απο
1096 2135 1128 2185 15

60 2216 182 2284 δέτοῦ
203 2207 292 2301 λβ”
270 2233 389 2301 ημισυ,
420 2210 554 2283 οἷον
522 2242 583 2284 τον
607 2235 655 2300 ις,
686 2212 845 2296 ὡσαύτως
871 2214 932 2284 τὸν
954 2224 1075 2285 πολλα-

59 2321 205 2389 πλάσιον
233 2319 337 2404 λόγον
365 2317 516 2407 εὑρήσεις
543 2328 663 2410 ἔχοντα
689 2319 750 2389 τὸν
773 2327 815 2407 λβ
842 2321 926 2407 πρὸς
947 2320 1008 2389 τὸν
1030 2328 1075 2407 ι’ς,

61 2423 103 2493 ὃν
126 2423 220 2493 καί*
206 2453 223 2493 ο
248 2429 287 2508 ξδ
309 2423 392 2510 πρὸς
413 2424 473 2496 τὸν
492 2434 542 2515 λβ.
585 2429 638 2495 έπί
662 2431 721 2514 τῆς
742 2436 845 2513 τομῆς
868 2418 932 2494 οὖν
952 2426 1076 2513 ταύτης

60 2531 116 2598 καί
143 2529 183 2597 τά
211 2530 311 2600 λοιπά
335 2523 381 2619 λβ
409 2533 493 2621 πρὸς
519 2532 560 2600 τά
588 2532 689 2601 λοιπά
718 2538 751 2604 a}
782 2530 844 2602 τὸν
876 2530 981 2602 αὐτὸν
1008 2530 1105 2620 ἔχει’

60 2637 173 2723 λόγον.
211 2641 243 2706 εἰ
259 2637 296 2707 δὲ
313 2638 413 2728 τέμγγς
429 2644 491 2709 τοῦ
510 2633 549 2721 {6
567 2639 605 2708 τὸ
622 2639 668 2725 δ’,
685 2638 967 2726 καταλιμπάνεται
982 2636 1000 2707 6
1015 2643 1073 2726 μ“η
1092 2662 1128 2712 00

58 2744 195 2813 καὶτοῦ
218 2736 264 2831 λβ
281 2743 320 2814 τό
345 2746 392 2831 θ’,
417 2745 697 2833 καταλιμπάνεται
720 2743 738 2814 6
758 2750 809 2814 ιἰδ.
850 2745 925 2815 τότε
948 2736 1075 2814 οὖνού

56 2848 117 2918 τὸν
141 2857 217 2918 ἰσον
240 2850 343 2939 λόγον
367 2858 433 2939 ἔχει
456 2848 538 2938 ὁμῇ
560 2849 644 2939 πρὸς
665 2849 725 2920 τὸν
743 2843 788 2938 ᾗ
808 2853 864 2921 καί
888 2848 907 2920 6
924 2855 967 2919 ιἰδ
990 2846 1085 2935 πρὸς

57 2956 120 3025 τὸν
143 2963 186 3042 ιξ,
210 2955 295 3026 άλλά
315 2957 376 3028 τὸν
399 2957 570 3042 ἐλάττονα,
593 2957 682 3046 πλὴν
704 2985 767 3026 τον
790 2955 902 3026 αὐτόν.

125 3066 177 3131 57.
206 3061 340 3150 Ἱστέον,
365 3063 416 3133 ὅτι
435 3066 473 3133 έν
490 3063 595 3153 ταύτῃ
613 3069 653 3153 τῇ
671 3062 830 3149 προτάσει
848 3067 955 3131 ἔνεστι
971 3061 1073 3149 μικρά

55 3196 105 3249 τις
134 3168 280 3257 άσάφεια
308 3169 365 3239 διά
394 3172 433 3239 τὸ
463 3167 529 3239 άπὸ
560 3175 679 3239 κοινοῦ
706 3171 891 3256 λαμβάνειν
920 3168 981 3238 τὸν
1009 3168 1068 3237 έάν
1087 3189 1123 3240 00

56 3275 256 3362 σύνδεσμον.
307 3276 351 3345 σὺ
381 3268 460 3363 οὖν,
492 3280 524 3344 εἰ
555 3278 666 3357 θέλεις
698 3279 791 3363 σαφῆ
823 3294 878 3343 σοι
909 3276 1071 3362 γενέσθαι

54 3394 268 3414 -ιΙ--

126 3454 245 3508 ιιηεε
317 3453 472 3522 ιενιι).
546 3453 647 3524 ιιι.

127 3620 152 3668 2.
172 3614 227 3668 τάν
246 3614 313 3684 γ]γ
331 3616 365 3666 A.
438 3619 462 3667 8.
483 3607 605 3683 έάν]”
568 3631 623 3666 κατ
640 3611 674 3666 A.
747 3607 1068 3699 6.άφαιρείσθωσανὶ)

92 3692 116 3740 9.
137 3703 180 3739 το
174 3685 207 3756 ς]
227 3685 335 3752 τάνΑ,
353 3683 391 3738 b?
465 3689 506 3738 10.
525 3682 596 3753 τοις]
584 3682 722 3753 ]τῶνΔ,
742 3682 778 3737 b?
852 3678 956 3753 ὁμοίως

54 3755 185 3826 γέθεσιν]
206 3753 237 3810 ἰν
256 3727 349 3817 ἄλλοις
368 3752 400 3809 δέ
420 3752 555 3824 μεγέθεσι
574 3753 716 3842 δείξομεν
718 3753 808 3808 ταῦτα
828 3701 1067 3825 Α.1.εἰύί]

54 3842 108 3881 om.
128 3830 159 3880 A.
232 3821 442 3897 ὑποκειμένων]
462 3842 515 3881 om.
536 3827 568 3880 A.
641 3829 684 3880 20.
704 3819 736 3899 ὁ]
752 3840 846 3898 comp.
862 3759 996 3882 0110οἰ1Ῑί
