2414 4236
143 520 207 585 166
294 522 450 576 sellom
468 526 508 578 IN
525 524 804 579 ammom
819 524 997 581 mauu

491 718 549 784 Ad
571 741 679 807 prop.
702 718 807 787 XXV.

206 843 258 910 95.
304 838 349 908 Τὸ
382 840 432 908 κε’
464 838 628 928 θεώρημα
658 838 889 929 ἀντίστροφόν
921 841 991 911 ἐστι
1021 846 1070 935 τῷ
1103 842 1162 915 κδ’

140 945 349 1033 θεωρήματι,
377 943 558 1014 ἀντικείται
583 945 623 1015 δὲ
644 952 690 1039 τῶ
715 946 766 1035 η’·
801 944 885 1017 κπτά
909 952 1072 1035 συζιηιίαν
1095 948 1163 1039 γάρ

142 1050 160 1120 ὑ
186 1051 397 1140 στοιχειωτὴς
418 1052 610 1141 προήγαγεν
632 1052 674 1121 τά
695 1079 732 1122 τε
753 1053 808 1123 ἐπὶ
829 1058 890 1141 τῆς
912 1052 1069 1141 ίσότητος
1090 1059 1163 1127 τῶν

105 1164 275 1245 εγωνιῶν
302 1160 358 1227 καλ
385 1163 453 1228 τῶν
483 1158 617 1246 βάσεων
643 1160 700 1227 καὶ
726 1160 767 1229 τά
795 1160 848 1229 ἐπὶ
874 1164 936 1248 τῆς
958 1156 1164 1251 ἀνισότητος

139 1265 341 1353 θεωρήματα
364 1264 443 1335 καθ’
470 1267 629 1351 ἑκατέραν
650 1269 720 1335 τῶν
743 1273 909 1353 συζυγιῶν
929 1263 971 1336 τά
993 1265 1060 1354 μὲν
1081 1292 1161 1357 ηο-

139 1371 327 1460 ηγοόμενα,
359 1372 400 1440 τά
428 1372 467 1442 δὲ
494 1370 702 1460 ἀντίστροφα
730 1371 916 1460 λαμβάνων
937 1372 995 1441 καλ
1017 1373 1075 1443 ἐπὶ
1096 1374 1161 1463 μὲν

138 1483 207 1547 τῶν
230 1478 494 1567 προηγουμένων
516 1493 588 1560 ταῖς
607 1475 657 1548 ἐπ’
678 1476 817 1559 εὐθείας
834 1480 958 1561 δείξεσι
974 1478 1161 1569 χρεόμενος,

139 1585 193 1653 ἐπὶ
217 1583 255 1653 δὲ
277 1590 346 1653 τῶν
370 1583 608 1672 ἀντιστρόφων
630 1598 703 1665 ταῖς
724 1589 773 1665 εἴς
800 1582 974 1655 ἀδὺνατον
1001 1582 1162 1675 ἀγωγαῖς.

88 1711 122 1761 10
141 1689 229 1759 οὕτω
262 1691 300 1759 δὲ
331 1691 388 1758 καὶ
420 1687 474 1777 ἐφ’
505 1692 582 1771 ἑνὸς
612 1687 756 1760 ἓκάστου
784 1692 954 1778 τριγῶνου
984 1698 1160 1781 πεποίηκε·

139 1795 212 1864 τοτὲ
240 1795 303 1882 μὲν
328 1800 369 1884 τῇ
398 1795 525 1882 ίσότητι
553 1800 621 1865 τῶν
650 1799 687 1865 ἐν
715 1794 805 1888 αὑτῷ
828 1801 985 1884 πλευρῶν
1006 1800 1161 1869 δείκνυσι

139 1902 202 1986 τὴν
217 1900 352 1987 ι’σότητα
365 1905 434 1969 τῶν
448 1899 720 1990 ὑποτεινομίνων
734 1906 871 1989 γωνιῶν
883 1900 1159 1991 ἀκολουθοῦσαν,

139 2004 212 2073 τοτὲ
237 2005 274 2073 δὲ
296 2011 336 2095 τῇ
361 2004 548 2094 ἀνισότητι,
575 2009 631 2076 καὶ
659 2001 704 2076 αὖ
733 2006 837 2076 πόλιν
861 2006 1098 2097 ἀντιστρόφως
1117 2014 1159 2100 τῇ

140 2112 201 2199 μὲν
221 2111 346 2199 ἰσότητι
362 2118 431 2182 τῶν
444 2118 580 2200 γωνιῶν
594 2112 655 2201 τὴν
671 2113 808 2200 ἰσότητα
821 2124 890 2182 τῶν
903 2114 1160 2186 ὑποτεινονσῶν

89 2240 121 2290 15
140 2224 311 2307 πλευρῶν,
341 2230 381 2307 τῇ
406 2221 443 2290 δὲ
466 2219 639 2306 ἀνισότητι
661 2222 724 2306 τὴν
747 2218 929 2306 ἀνισότητα
952 2219 1158 2308 ἀποφαίνων

139 2323 313 2413 ἑπομένην.

206 2434 413 2520 βουλόμενος
437 2435 542 2513 δείξαι
566 2429 583 2500 ὁ
609 2433 810 2518 γεωμέτρης,
839 2429 891 2499 ότι
918 2429 939 2518 ἡ
962 2439 1072 2519 γωνία
1094 2438 1159 2503 τοῦ

140 2538 216 2618 ἑνὸς
236 2538 404 2624 τριγῶνου
427 2546 546 2624 μείζων
571 2539 638 2607 ἐστὶ
657 2542 715 2624 τῆς
733 2542 794 2605 τοῦ
809 2538 923 2625 ἑτέρου
941 2544 1079 2625 γωνίας,
1102 2541 1155 2608 κε’·

140 2670 256 2730 χρηται
279 2649 324 2736 τῷ
350 2641 395 2711 δι’
421 2643 595 2713 ἀδυνάτου
618 2648 831 2735 συλλογισμῷ
856 2642 977 2723 οὑτως·
1009 2640 1030 2731 ἡ
1055 2651 1162 2715 ΒΑΓ

89 2770 124 2821 20
143 2753 261 2834 γωνία,
285 2755 378 2834 φησί,
401 2754 441 2838 τῇ
466 2758 533 2817 ΕΔ
540 2759 566 2818 Ζ
589 2746 609 2837 ἢ
634 2758 689 2836 ἴση
713 2751 805 2818 ἐστὶν
828 2744 849 2835 ἢ
873 2748 1034 2818 ἴλάσσων.
1072 2749 1159 2821 ἀλλά

141 2854 207 2941 μὴν
231 2854 308 2923 οὔτε
332 2863 387 2942 ἴση
413 2857 504 2924 ἐστὶν
528 2854 604 2925 οὔτε
628 2856 793 2925 ἐλάσσων·
823 2861 945 2943 μείζων
969 2853 1044 2943 ἀρα.
1086 2862 1158 2927 ἔστι

141 2961 178 3029 δὲ
197 2961 225 3029 ε’
240 2962 362 3048 τρόπος
381 2954 481 3042 οὗτος
494 2968 562 3033 τῶν
577 2961 801 3031 ὑποθετικῶν.
833 2960 942 3030 πόθεν
960 2952 1023 3031 οὑν
1037 2966 1158 3050 δῆλον,

140 3067 192 3137 ότι
216 3072 292 3137 οὔτε
316 3078 371 3156 ἴση
396 3070 488 3138 ἐστίν
511 3068 590 3138 οὔτε
612 3068 780 3147 ἴλάσσων;
803 3068 1036 3150 κατασκευάζει
1054 3072 1157 3139 τοῦτο

141 3175 197 3242 διὰ
220 3181 281 3244 τοὺ
304 3176 339 3262 β’
362 3176 491 3264 τρόπον
513 3181 584 3245 τῶν
607 3174 836 3261 ὑποθετικῶν,
866 3173 933 3261 ότι,
961 3183 995 3243 εἴ
1014 3177 1107 3245 ἐστιν
1134 3174 1157 3263 ἡ

19 3344 27 3355 .
87 3302 121 3353 25
139 3288 244 3350 ΒΑΓ
262 3289 368 3368 γωνία
392 3292 447 3370 ἴση
470 3278 491 3370 ἣ
516 3281 666 3351 ἐλάσσων
689 3286 729 3370 τῇ
754 3289 867 3366 ΕΔΖ,
891 3288 946 3367 ἴση
970 3276 1014 3349 ἀν
1036 3272 1083 3368 ἦν
1099 3281 1157 3351 καῖ

211 3448 254 3495 95.
269 3404 407 3511 -Ρθῑῖίρ,
426 3442 467 3495 δ’
485 3444 583 3510 eum).

211 3588 235 3636 2.
260 3579 345 3637 τό-
365 3590 390 3637 3.
409 3580 459 3655 η’]
483 3578 640 3637 ἀντικιίται
659 3580 712 3651 μὲν
731 3583 768 3651 τῷ
789 3577 896 3653 ὀγδόῳ,
919 3578 1103 3652 ἀντιστρέφει
1122 3582 1157 3640 δὲ

140 3653 177 3721 τῶ
193 3650 246 3719 πρό
263 3648 352 3707 αὑτοῦ
366 3653 397 3708 Ρ.
452 3661 477 3707 4.
496 3652 531 3707 τά
542 3652 585 3724 τε]
599 3651 630 3719 Ρ,
645 3669 699 3707 om.
715 3651 800 3720 qu.
856 3660 880 3707 9.
900 3647 1109 3721 ἀντιστροφίων
1124 3653 1157 3711 Ρ.

175 3719 342 3793 ἀναγωγαῖς
358 3723 388 3780 P.
463 3732 503 3779 10.
523 3725 678 3793 πεποίηκεν
696 3721 834 3793 τριγῶνου
853 3724 884 3779 Ρ.
959 3730 1000 3779 1³.
1019 3720 1157 3781 Ροιδάν-

140 3792 246 3861 ισότητι
265 3794 329 3848 add.
349 3792 401 3863 τὴν
419 3791 573 3865 ἀνισότητα
593 3796 622 3849 1‘.
697 3800 739 3850 16.
759 3789 914 3867 ἓτομίνην]
933 3795 979 3850 hio
998 3794 1106 3851 desinit
1125 3797 1158 3855 P.

168 3871 210 3920 20,
233 3865 282 3937 ιγ’]
299 3869 391 3944 γωνίᾳ
405 3866 437 3941 τῇ
457 3864 488 3923 F.
542 3870 587 3922 21.
606 3863 665 3921 ἔστι
679 3862 712 3920 δῖ
728 3897 759 3906 -
774 3872 817 3920 22.
838 3861 1031 3937 ὑποθετικῶν]
1051 3884 1109 3923 om.
1125 3868 1160 3926 λ’.
