2414 4236
217 491 374 544 SCHOLIA
391 491 430 542 IN
448 490 722 543 ELEMENTORUM
740 491 925 545 LIBRUMX.
1011 491 1078 556 493

61 631 215 719 ιἰριθμοῦ
243 629 386 699 δύναται
412 629 497 699 τὸ’
478 629 543 698 απὸ
571 633 631 717 τῆς
653 627 754 715 Α,”
732 656 806 718 ητοι
834 637 1078 702 πολλαπλασια-

64 739 206 826 ζομένου
224 764 286 807 του
269 741 376 823 'fil
345 736 448 817 εςτὸ
468 748 490 803 ι“ι
503 741 600 823 μ-ηῦέ
617 741 745 822 γίνεται
763 734 801 805 τὸ
819 741 926 824 γκζν
941 745 1077 827 χωρίον,

66 844 209 932 όπερσ
172 841 295 913 ἐστὶ
262 870 300 913 το
323 840 390 912 ἀπὸ
413 847 473 929 τῆς
496 843 605 931 μέσης.

133 956 206 1022 164.
246 948 292 1019 Τὸ
322 947 386 1019 ιἰπὸ
415 952 518 1038 μέσης
544 956 669 1078 χωρίον
700 949 738 1020 τὸ
772 948 855 1020 αὐτὸ
886 951 947 1033 θὲς
979 949 1077 1039 εἶναι,

65 1057 147 1147 ὅπερ
171 1067 308 1144 εἴπομεν
335 1056 451 1124 καλέ
420 1060 467 1136 εἰς
489 1055 527 1125 τὸ
551 1055 606 1124 κα’
630 1053 792 1144 θεοόρημα
819 1059 925 1145 μέσην
953 1056 1079 1144 ἄλογοι
1116 1083 1132 1132 τ

63 1164 192 1253 ἤτοι
157 1193 198 1234 τα
217 1194 239 1252 γ
256 1170 331 1246 κζυ
311 1167 402 1246 ζ
368 1188 414 1250 ιη,
437 1161 518 1250 ὅπερ
537 1159 584 1232 ὑπ
586 1159 816 1251 ’ἀμφοτέρων
839 1166 908 1233 τῶν
925 1170 1079 1252 πλευρῶν

66 1272 196 1357 ἐγένετο
220 1274 282 1339 τοῦ
306 1274 325 1342 ξ
348 1271 488 1339 καὶτοῦ
511 1275 541 1355 β.
582 1272 681 1338 τοῦτο
706 1261 770 1338 οὖν
794 1267 854 1338 ἐὰν
877 1276 1079 1361 παραβληθῇ

65 1374 155 1464 παρὰ
187 1373 250 1462 τὴν
282 1373 430 1461 πλευρὰν
462 1379 523 1444 τοῦ
554 1381 650 1462 τρία,
683 1371 764 1463 ὅπερ
791 1374 915 1445 ταύτόν
939 1379 1007 1446 ἐστι
1034 1382 1125 1483 τῷ

66 1491 224 1570 μερισθῇ,
247 1479 466 1611 εὑρεθήσεται
489 1483 526 1549 ἐκ
546 1485 608 1550 τοῦ
631 1480 924 1571 έπιμοιρασμοῦ
890 1508 929 1551 το
947 1484 1080 1614 πλότρς.

66 1598 129 1656 τοῦ
156 1587 218 1675 μὲν
247 1579 310 1656 οὖν
333 1617 354 1676 μ
381 1616 402 1676 η
430 1587 556 1676 πλευρά
588 1589 656 1656 ἐστι
685 1594 816 1675 μία-
770 1616 816 1676 μγ
837 1594 892 1676 ν’ἓ,
923 1589 1008 1678 πρὸς
1035 1618 1079 1678 ην
1100 1612 1133 1662 10

66 1692 107 1763 τὰ
126 1722 148 1780 y
165 1700 259 1777 κζνζ
219 1721 308 1824 νιη
331 1693 657 1824 παραβαλλόμενα’
634 1721 709 1783 ητοι
732 1695 930 1783 μεριζόμενα
948 1698 1080 1785 ποιήσει

66 1799 190 1882 πλάτος
220 1799 326 1870 αὐτόν
353 1800 415 1870 τὸν
436 1792 527 1887 β,”
507 1825 589 1890 οπερ
621 1803 744 1882 πλάτος
776 1802 880 1934 ὁητὸν
911 1804 973 1889 μέν
1000 1805 1080 1888 έστι,

68 1906 182 1994 ἐπειδη
215 1906 316 1989 αότός
343 1905 482 1977 ἐστιν’
467 1935 485 1976 ο
514 1904 703 1994 ἆριθμός’
688 1935 706 1977 ο
733 1914 770 1994 β,
802 1907 1015 2037 ἀσύμμετρον
1043 1910 1081 1978 δὲ

68 2012 164 2099 μήκει
194 2010 381 2098 εὑρίσκεται
407 2019 447 2103 τῇ
475 2018 537 2084 τοῦ
563 2021 640 2102 τρία
668 2019 811 2106 πλευρᾷ,
843 2014 927 2104 πρὸς
954 2043 999 2103 ην
1025 2017 1081 2084 καὶ

67 2120 273 2205 παράκειται,
290 2119 441 2187 τουτέστι
460 2118 539 2205 μεθ’
554 2148 595 2208 ης
615 2127 807 2207 συμπληροῖ
821 2121 860 2190 τὸ
874 2123 1080 2210 παραλληλό-
1101 2142 1135 2192 ιο

66 2250 231 2311 λθαμμθν·

138 2333 209 2400 165.
250 2327 296 2400 Τό
319 2329 384 2400 ἀπὸ
405 2332 508 2420 μέσης
525 2358 554 2420 p.
571 2337 621 2415 64,
637 2336 671 2418 5]
695 2334 733 2402 τὸ
752 2331 818 2401 ἀπὸ
837 2335 938 2420 μέσης
956 2331 1080 2403 ταύτόν

69 2438 137 2505 ἐστι
161 2440 206 2529 τῷ
231 2438 289 2505 ἐὰν
312 2437 423 2523 μέσον.

139 2547 211 2611 166.
253 2542 322 2610 Διὰ
352 2543 415 2631 τὴν
447 2541 614 2614 ὑπόθεσιν
646 2544 729 2633 όητή
763 2548 853 2615 ἐστιν
884 2542 905 2631 ἡ
933 2551 995 2615 ΓΒ
1025 2547 1081 2613 καὶ

69 2647 106 2716 τὸ
130 2647 187 2716 ἀπ’
210 2645 328 2736 αὐτῆς,
353 2647 455 2737 ῥητὸν
481 2650 518 2719 δὲ
541 2652 596 2719 καὶ
619 2649 657 2720 τό
681 2650 747 2720 ἀπὸ
770 2656 830 2738 τῆς
852 2659 914 2720 ΕΖ
939 2651 1080 2738 όννόμει
1099 2673 1135 2724 20

68 2755 333 2825 κατεσκεύασται.

414 2883 470 2948 Ad
493 2906 598 2969 prop.
621 2883 739 2951 xxm

139 3007 210 3072 167.
243 3001 289 3071 ‘H
312 3005 394 3092 μέση
422 3001 487 3072 ἇπὸ
517 3009 578 3074 τοῦ
606 3006 660 3074 κα’
684 3005 901 3094 θεωρήματός
928 3008 997 3074 έστι
1025 3032 1081 3093 μο-

70 3109 174 3191 νάδος
193 3123 216 3177 ᾶ
234 3116 279 3177 νᾶ
297 3116 331 3197 λ,
354 3107 375 3198 ἡ
396 3118 423 3178 Β
446 3108 467 3198 6
490 3115 530 3198 τό
555 3113 637 3241 μέση
657 3112 843 3241 σύμμετροι
860 3104 887 3199 λῖ
901 3104 942 3201 οἶ
959 3103 989 3199 λ,
1012 3111 1084 3200 ἥτις

71 3216 191 3303 ἔχει
159 3243 220 3285 τον
250 3214 407 3303 ἡμιόλιον
431 3217 535 3305 λόγον
563 3217 647 3302 πρὸς
673 3246 735 3306 την
758 3228 799 3287 A
844 3246 865 3305 η
889 3222 1001 3306 γέστι
1024 3246 1083 3307 μο-
1102 3235 1137 3288 2⁶

71 3320 188 3390 ναδιον
206 3327 310 3410 τριῶν
331 3323 424 3411 ῥητή.
462 3322 501 3391 τὸ
520 3327 606 3410 γοῦν
629 3322 694 3393 ἀπὸ
713 3329 773 3412 τῆς
790 3323 872 3392 A''
824 3350 934 3414 ,οπερ
954 3327 1023 3395 έστὶ
1041 3351 1082 3394 τα

71 3455 92 3514 γ
74 3432 147 3510 κζ
164 3438 214 3564 μθ
233 3433 274 3500 κ“ς
292 3456 326 3515 μ,
349 3429 570 3517 παραβληθὲν
588 3454 677 3518 παρα
696 3429 759 3518 τὴν
776 3437 838 3501 ΓΔ
855 3431 979 3513 πλάτος
996 3446 1087 3502 ποιεῖ

143 3560 266 3676 138...
287 3603 488 3678 ειςτὸιμη.
549 3609 658 3664 lm
715 3605 898 3680 163v¹³31>
955 3616 1012 3667 τοι.
1034 3607 1082 3667 Vb.

142 3765 280 3892 &vniam
298 3763 420 3840 ἄλογον]
441 3783 493 3823 scr.
513 3765 599 3838 μέσον
618 3764 778 3841 ἀνάλογονλ
867 3775 912 3827 λθ.
935 3769 1004 3843 ΕΖ]
1030 3773 1084 3826 Ze

70 3853 140 3892 corr.
