2414 4236
260 541 416 592 εουοειε
433 541 473 593 m
490 540 765 594 ELEMENTORUM
782 542 921 596 LmssUu
935 544 968 597 X.
1052 541 1119 608 485

105 682 163 766 τῆς
190 678 327 766 ἀλογίας
354 683 456 749 εἰδῶν
487 677 553 749 ὑπὸ
587 681 629 768 δή
652 706 745 762 τινος
775 681 956 771 μεσότητος
987 685 1120 768 πάντως

105 782 312 872 ἀφορίζεται,
340 785 379 857 τό
401 786 464 874 μὲν
490 784 557 856 ἀπὸ
583 792 644 875 τῆς
665 793 900 877 γεωμετρικῆς,
927 790 965 860 τὸ
990 791 1028 860 δὲ
1051 791 1118 862 ὑπὸ

104 897 163 979 της
185 889 418 981 ἀριθμητικῆς,
440 892 477 963 τί.
503 895 541 962 δὲ
563 891 630 964 ὑπὸ
649 899 709 982 τῆς
726 900 896 984 μουσικῆς.
933 898 989 966 καὶ
1008 903 1118 968 ἔοικεν

103 998 124 1086 ἡ
157 1005 217 1086 τῆς
248 1005 357 1088 ψυχῆς
386 999 485 1070 οὐσία
512 1006 683 1090 προσεχῶς
710 1003 952 1088 ἐπιβατεόουσα
978 1009 1019 1094 τῇ
1048 1010 1117 1075 τῶν

105 1112 259 1193 μεγεθῶν
282 1106 365 1176 κατά
387 1107 466 1187 τοὺς
493 1109 530 1178 έν
558 1105 643 1198 αὐτῇ
671 1107 795 1196 λόγους
825 1111 881 1177 καὶ
912 1115 980 1180 πᾶν
1011 1114 1049 1181 τὸ
1079 1116 1117 1182 έν
1153 1133 1170 1184 σ

104 1229 175 1295 τοῖς
197 1215 376 1304 μεγέθεσιν
399 1213 523 1303 ὁρίζειν
544 1214 705 1301 ἀόριστον
731 1215 787 1284 καὶ
814 1214 876 1302 τήν
898 1221 957 1304 τῆς
979 1215 1118 1305 ἀλογίας

105 1320 261 1406 ἀπειρίαν
283 1334 354 1401 τοῖς
375 1337 518 1411 τριττοῖς
539 1321 672 1402 τούτοις
694 1323 805 1390 πιέσαι
829 1328 972 1410 δεσμοῖς.

172 1429 425 1516 έπισημαντέον,
449 1426 562 1497 ὅτιτὸ
585 1426 702 1497 κοινὸν
725 1426 835 1517 ὄνομα
856 1433 915 1516 τῆς
938 1431 1040 1517 μέσης
1063 1432 1115 1499 ἐπὶ

104 1536 325 1622 μερικωτέρας
351 1540 449 1604 ἔθετο
478 1534 626 1623 φύσεως,
660 1536 731 1604 ἐπεὶ
756 1538 812 1604 καὶ
840 1538 878 1604 τὸ
906 1533 973 1606 ὑπὸ
1003 1540 1115 1624 ῥητοῖν

103 1640 199 1728 μήκει
231 1643 430 1730 συμμέτρων
459 1644 631 1729 δυναμένη
665 1642 747 1730 μέση
780 1641 913 1722 πάντως
944 1643 1013 1712 ἐστὶ
1046 1647 1115 1713 τῶν
1135 1663 1169 1713 10

104 1751 216 1835 ῥητῶν
239 1749 377 1817 ἐκείνων
398 1749 455 1816 καὶ
477 1746 499 1836 ή
521 1748 560 1818 τὸ
584 1746 650 1817 ὑπὸ
674 1751 775 1836 ῥητῆς
796 1751 853 1817 καί
876 1747 1003 1836 ἀλόγου
1025 1774 1115 1838 περι·

101 1855 264 1944 εχόμενον
283 1861 419 1944 χωρίον,
438 1852 511 1923 ἀλλ’
531 1851 713 1941 οὐδετέραν
729 1857 859 1924 τούτων
872 1856 1115 1945 προσαγορεύει

102 1965 218 2050 μέσην,
241 1960 325 2031 ἀλλά
348 1964 411 2049 τήν
432 1962 470 2031 τὸ
494 1963 740 2050 προειρημένον
762 1968 888 2051 χωρίον
908 1964 1114 2050 δυναμένην·

101 2070 157 2137 καὶ
181 2066 232 2137 ότι
254 2068 314 2149 τάς
337 2069 496 2156 δυνάμεις
518 2072 690 2156 πανταχοῦ
717 2069 927 2156 παρωνύμως
954 2067 1019 2139 ἀπὸ
1045 2074 1114 2138 τῶν

103 2174 301 2260 δυναμένων
320 2181 425 2241 καλεῖ·
449 2172 551 2261 ῥητὸν
569 2173 631 2260 μέν
649 2172 714 2261 γάρ
733 2172 772 2243 τὸ
791 2171 855 2243 ἀπὸ
874 2177 987 2262 ῥητῆς,
1010 2177 1114 2262 μέσον
1134 2195 1167 2244 ισ

102 2281 140 2350 δέ
163 2280 200 2348 τὸ
221 2277 285 2348 ἀπὸ
305 2281 415 2367 μέσης.
450 2280 506 2348 καὶ
526 2279 577 2349 ὅτι
595 2279 657 2368 τὴν
676 2281 751 2369 περὶ
768 2281 827 2360 τὰς
843 2282 946 2367 μέσας
962 2286 1114 2369 θεωρίαν

101 2390 251 2474 ἐξομοιοῖ
275 2399 347 2466 ταῖς
370 2388 498 2474 ῥηταῖς·
533 2387 591 2455 καὶ
617 2390 683 2475 γὰρ
709 2388 831 2467 ταύτας
856 2383 878 2474 ἢ
907 2387 1004 2474 μήκει
1031 2409 1114 2474 συμ-

100 2501 242 2581 μέτρους
265 2490 351 2562 εἶναι
374 2489 396 2580 ἢ
420 2491 562 2580 ἀυνάμει
584 2493 692 2580 μόνον
716 2492 827 2579 ῶσπερ
851 2496 978 2575 έκείνας
1006 2496 1112 2581 φησὶν

100 2601 156 2667 καὶ
178 2598 217 2669 τό
240 2600 302 2689 μέν
325 2598 392 2670 ὑπὸ
413 2602 525 2689 μέσων
544 2600 641 2688 μήκει
659 2603 858 2690 συμμέτρων
876 2603 1112 2689 περιεχόμενον

100 2708 204 2794 μέσον
228 2705 315 2776 εἶναι
337 2705 490 2795 καθάπερ
514 2708 583 2775 ἐκεῖ
603 2706 641 2776 τὸ
664 2705 730 2776 ὑπὸ
750 2711 861 2795 ῥητῶν
879 2707 993 2795 ῥητόν,
1015 2707 1054 2776 τὸ
1074 2708 1111 2777 ἀὲ
1131 2725 1166 2774 20

99 2806 144 2881 αὖ
171 2811 237 2883 ὑπὸ
268 2815 379 2901 μέσων
408 2814 551 2902 όννάμει
579 2816 775 2902 συμμέτρων
802 2814 876 2883 τότε
899 2814 961 2902 μέν
983 2820 1111 2901 γίνεται

98 2919 219 3007 ῥητόν,
251 2924 324 2990 τότε
351 2919 389 2989 δέ
417 2921 530 3007 μέσον.
580 2918 664 2989 ῶστε
690 2924 810 3009 τριχῶς
838 2920 899 3008 μὲν
931 2919 968 2989 τὸ
997 2922 1111 3007 μέσον,

99 3031 200 3113 διχῶς
223 3026 260 3095 δέ
282 3026 320 3095 τὸ
343 3026 460 3116 ῥητόν·
487 3026 544 3094 καὶ
567 3031 676 3096 ἔοικεν
697 3024 718 3115 ἡ
743 3027 804 3114 μὲν
827 3031 895 3097 τῶν
914 3027 1010 3115 μήκει
1029 3047 1111 3112 συμ-

97 3135 228 3221 μέτρων
251 3135 363 3221 μέσων
385 3134 555 3220 ἀνάλογον
579 3135 700 3221 μεταξυ
723 3142 893 3222 ληφθεῖσα
919 3135 975 3202 καὶ
998 3133 1110 3221 ἡτῶν

98 3243 240 3326 δυνάμει
263 3242 460 3329 συμμέτρων
479 3243 590 3328 ῥητῶν
614 3243 649 3309 έκ
666 3239 791 3321 παντὸς
809 3238 896 3311 εἶναι
912 3244 1007 3331 μέση,
1031 3237 1052 3330 ή
1073 3244 1110 3313 δὲ
1128 3255 1163 3305 2⁶

96 3350 166 3414 τῶν
190 3348 301 3432 ῥητῶν
324 3346 421 3433 μήκει
445 3348 642 3434 συμμέτρων
665 3345 739 3416 τότε
762 3346 823 3434 μέν
847 3348 946 3436 ῥητή,
973 3350 1048 3420 τότε
1072 3350 1111 3418 δέ

96 3453 189 3538 μέση.
234 3453 290 3521 καὶ
313 3452 369 3520 διὰ
392 3457 492 3522 τοῦτο
515 3454 570 3521 καὶ
593 3450 614 3540 ή
639 3449 847 3542 ἀσύμμετρος
870 3455 1014 3543 δύναμις
1035 3457 1110 3527 τότε

169 3679 397 3755 2.os']‹5’Pv.
483 3678 706 3757 ³.02']‹5’Pv‚
793 3690 818 3740 4.
837 3684 885 3757 τῇ]
905 3702 959 3742 om.
977 3686 1009 3743 Β.
1083 3692 1108 3743 ό.

97 3749 187 3826 έαυτῇ
207 3755 237 3810 Ρ.
311 3759 335 3811 7.
354 3753 466 3810 κειέσαι
484 3754 514 3809 P.
588 3761 613 3811 8.
632 3752 677 3811 zo'
698 3754 733 3810 V.
807 3748 863 3843 ὅτι]
881 3751 1108 3813 δέόιιΡΠκλ

133 3832 158 3882 9.
178 3822 222 3898 τό]
244 3843 295 3881 ser.
315 3822 333 3895 ἡ
352 3822 393 3882 τό.
481 3831 522 3881 11.
546 3821 576 3899 ἡ]
598 3823 627 3882 εί
643 3826 674 3884 Β.
762 3827 996 3891 14,τιανιωςἾ.
1069 3833 1124 3878 xz.

95 3893 164 3966 γάρ]
185 3913 236 3951 om.
256 3897 287 3950 B.
360 3902 402 3954 24.
422 3900 578 3968 λειφθεῖσα
595 3897 634 3958 V.
707 3903 756 3958 κδ.
775 3898 928 3973 1⁵¹⁶an-
