2414 4236
203 507 359 559 εοιιοοιι
377 507 416 558 ιιι
433 506 713 559 εειιιιεειεοιιυειΥ
725 506 864 558 mmm
878 505 911 558 v.
1002 489 1084 568 295'

52 645 243 734 ἡγούμενος
256 645 340 732 πρὸς
354 644 527 731 ἑπόμενον.
560 643 630 713 εἶπε
645 645 683 713 δὲ
698 643 816 726 οὕτως·
840 647 875 714 ολ
887 641 1070 731 ἡγούμενοι

54 765 126 832 τοῖς
148 749 351 839 ἡγουμένοις
372 751 428 819 καὶ
452 755 487 819 οί
509 750 667 839 ἑπόμενοι
683 764 754 832 τοῖς
773 752 956 838 ἑπομένοις,
978 776 1070 820 τουτ-

53 860 147 927 έστιν
169 861 226 925 ἵνα
249 857 497 944 προτοὶττωνται
525 861 561 924 οί
579 855 763 944 ἡγούμενοι
789 856 845 925 καὶ
869 858 1013 925 ἕπωνται
1038 859 1072 926 οί

54 965 214 1051 ἑπόμενοι
237 965 292 1030 καὶ
316 966 352 1031 έν
375 962 585 1050 ἀμφοτέροις.

123 1073 175 1138 35.
207 1066 396 1153 Ἡγούμενα
423 1075 566 1153 γίνωσκε
596 1069 633 1136 έν
663 1072 702 1156 τῇ
732 1074 915 1159 γεωμετρίᾳ
946 1069 1002 1136 καλ
1033 1069 1070 1136 έν
1106 1091 1124 1142 ε

54 1173 172 1255 ἄλλοις
194 1171 341 1242 εἶναιτὰ
360 1179 505 1259 μείζονα,
528 1171 568 1242 τὰ
593 1172 631 1242 δέ
649 1172 773 1242 ἐλάττω
793 1174 948 1261 ἑπόμενα.
982 1176 1070 1260 λέγει

56 1285 142 1367 γοῦν
166 1277 313 1367 ὁμόλογα
340 1278 381 1347 τὰ
404 1277 574 1367 ἡγούμενα
601 1293 672 1359 τοῖς
698 1277 913 1366 ἡγουμένοις,
944 1277 989 1359 ὡς
1017 1281 1069 1348 ἐπὶ

54 1390 114 1472 τῆς
135 1384 378 1472 ὑποτεινούσης
403 1388 458 1454 καὶ
485 1389 544 1470 τῆς
570 1390 632 1454 τοῦ
660 1383 876 1474 ὀρθογωνίου
903 1386 1071 1474 τριγώνου

55 1497 251 1572 ίσοσκελούς
273 1497 343 1560 ἔστι
364 1497 464 1561 τοῦτο
486 1500 704 1579 καταμαθεῖν.
738 1490 820 1561 ὅταν
838 1492 904 1580 γὰρ
925 1484 987 1560 ὦσι
1006 1492 1069 1561 δύο

55 1603 204 1684 τρίγωνα
231 1597 330 1686 ὅμοια
357 1595 567 1685 ὀρθογώνια,
599 1598 645 1678 ὡς
672 1603 821 1687 ἔχειτοῦ
846 1597 924 1679 ἑνὸς
946 1596 967 1686 ἡ
990 1598 1070 1667 ὑπο·
1091 1620 1126 1670 10

53 1710 212 1772 τείνουσα
235 1702 319 1792 πρὸς
340 1709 402 1772 τοῦ
425 1702 531 1774 ἄλλον
552 1705 615 1792 τὴν
633 1703 972 1782 ύποτείνουσαν·,ίσα
990 1705 1070 1792 γύρ·

53 1810 111 1878 καὶ
134 1815 195 1878 τοῦ
218 1812 334 1897 ἑτέρου
361 1807 382 1896 ἡ
407 1810 500 1896 ἑτέρα
523 1810 650 1899 πλευρὰ
677 1810 762 1897 πρὸς
783 1810 847 1898 τὴν
868 1816 931 1881 τοῦ
956 1813 1071 1899 ἑτέρου

54 1917 218 2003 πλευράν·
241 1914 301 1985 τὸν
317 1925 392 1984 ίσον
406 1915 471 2002 γὰρ
485 1917 541 1984 καὶ
561 1920 684 1986 έκείναι
703 1917 788 2006 πρὸς
805 1915 952 2006 ἀλλήλας
966 1917 1070 2003 λόγον

26 2056 29 2059 “
55 2029 178 2110 ἔχουσι.
232 2019 296 2090 κᾶν
331 2022 368 2090 δὲ
399 2024 455 2091 καὶ
487 2024 531 2110 μὴ
566 2033 621 2092 ίσα
655 2018 718 2094 ὦσι
750 2025 853 2094 πάλιν
885 2033 1002 2111 είρσαν
1035 2027 1073 2091 αί

53 2128 196 2215 πλευραὶ
219 2127 285 2196 ἄνα
300 2180 397 2198 .....
1091 2149 1125 2199 1⁶

123 2236 176 2302 36.
217 2235 390 2315 Σύνθεσις
421 2235 527 2322 λόγου
560 2237 628 2303 έστλ
660 2240 761 2322 λῆψις
790 2239 852 2303 τοῦ
879 2233 1071 2322 ἡγουμένου

53 2337 137 2426 μετὰ
163 2345 226 2408 τοῦ
254 2343 419 2429 ἑπομένου
447 2341 491 2423 ὡς
519 2342 595 2422 ἑνὸς
617 2339 701 2430 πρὸς
723 2339 804 2410 αύτὸ
828 2339 866 2409 τὸ
890 2341 1069 2427 ἑπόμενον]

55 2449 93 2514 οί
113 2446 273 2535 νεώτεροι.
295 2452 417 2516 τοῦτον
439 2451 651 2533 προσέθεσαν
678 2446 740 2516 τὸν
764 2445 860 2534 ὅρον·
898 2442 978 2514 οὐδὲ
1006 2445 1070 2531 γὰρ

55 2552 218 2631 σύνθεσις
236 2557 390 2640 μεγεθῶν
408 2551 532 2623 ταύτόν
551 2557 621 2623 έστι
638 2557 679 2642 τῇ
698 2557 760 2622 τοῦ
779 2551 885 2639 λόγου
903 2553 1071 2620 συνθέσει.

55 2661 207 2726 ἐνταῦθα
226 2659 263 2728 δὲ
281 2658 319 2728 τὸ
338 2657 529 2747 ἡγούμενον
552 2659 632 2746 μετὰ
651 2671 713 2729 τοῦ
732 2660 898 2746 ἑπομένου
916 2659 1070 2727 συντνθέ·
1089 2676 1124 2726 20

51 2791 160 2850 μενον
188 2767 330 2852 μέγεθος
358 2768 492 2852 μεγέθει
519 2764 556 2835 τὸ
588 2764 670 2835 ὅλον
697 2767 840 2854 μέγεθος
872 2778 962 2833 ποιεί
993 2785 1071 2850 συγ-

55 2875 210 2954 κείμενον
232 2873 267 2939 έκ
290 2875 460 2960 μεγεθῶν,
493 2869 613 2958 ἥῖέστι
642 2871 804 2952 σύνθεσις
831 2870 1008 2958 μεγέθους
1049 2866 1071 2955 ἡ
1185 2886 1187 2895 ‘

56 2972 122 3061 γὰρ
145 2979 213 3043 τῶν
231 2976 341 3063 λόγων
361 2976 523 3057 σύνθεσις
540 2976 647 3046 ἄλλον
665 2991 756 3046 ποιεί
770 2975 884 3064 λόγον,
908 2973 952 3056 ὥς
972 2973 1072 3055 αὐτὸς

55 3081 94 3149 έν
117 3094 187 3161 τοῖς
209 3083 283 3170 ἑξῆς
305 3086 386 3171 έρεί·
423 3082 523 3169 λόγος
544 3084 624 3170 γάρ,
654 3089 773 3170 φησίν,
799 3084 835 3151 έιι
857 3080 969 3167 λόγων
993 3101 1071 3168 συγ-

53 3197 190 3256 κεῖσθαι
220 3191 349 3275 λέγεται
376 3190 431 3257 καλ
458 3189 499 3256 τὰ
529 3191 617 3277 ἑξῆς.
656 3187 757 3268 αὐτὸς
784 3190 838 3274 δέ,
871 3185 916 3268 ὡς
947 3189 984 3256 έν
1012 3211 1070 3256 πα·
1089 3200 1126 3251 25

54 3390 170 3508 Psspag.
184 3384 229 3509 ιβ’
248 3388 342 3454 (supra
361 3401 412 3439 ser.
432 3384 494 3440 ead.
514 3399 598 3439 manu
616 3382 766 3452 θεοδιέρον
785 3384 947 3454 καβασίλα).
1026 3388 1070 3450 ,3⁶-

166 3472 184 3509 a
198 3498 203 3508 ·
483 3478 488 3486 .

129 3637 170 3686 15.
190 3631 278 3686 Serib.
298 3626 440 3699 ύνύλογον
468 3630 517 3685 sed
536 3629 648 3687 uidetur
667 3631 730 3701 plus
749 3629 855 3686 deesse.
925 3635 969 3684 18.
989 3623 1071 3702 ὅρον]

53 3699 139 3772 λόγον
159 3701 277 3756 ΒΡλοι.
368 3707 413 3756 22.
434 3673 509 3758 έστιν
527 3700 601 3769 Vah,
621 3703 671 3757 sed
690 3718 760 3758 corr.
847 3699 1002 3773 μεγέθους]
1023 3719 1072 3770 με·

53 3772 299 3899 γξγηΒΙὲΜῖδ.
319 3772 421 3844 λόγων]
443 3767 515 3827 ὅλων
536 3773 566 3827 Β.
639 3778 682 3828 24.
702 3774 775 3842 φησί
791 3773 821 3827 F.
884 3777 928 3827 λδ.
947 3772 1075 3843 λέγεταιῙ
