2414 4236
231 489 389 543 sellom
405 490 445 543 m
462 491 738 544 ELEMENTORUM
756 490 896 544 LIBRUM
909 493 931 545 1.
1040 489 1081 553 91

67 633 179 713 ὀξείας
194 630 419 718 προστιθέναι
435 629 473 699 τδ
493 632 592 717 γένος
610 628 848 720 εὐθύγραμμος
866 638 984 718 γωνία,
1007 630 1081 700 ἀλλ’
1136 614 1150 637 ⁰

68 736 133 825 οὐχ
150 734 263 818 ἁπλῶς
281 742 401 823 γωνία·
430 736 486 805 καὶ
504 736 569 824 γάρ
589 737 610 824 ἡ
629 738 841 824 κερατοειδὴς
853 742 961 826 πάσης
975 736 1085 826 ὀρθῆς

69 848 161 915 ἐστιν
183 842 347 929 ἐλάσσων,
371 840 459 912 ὅπου
480 844 536 912 καὶ
556 845 663 925 ὀξείας
679 846 797 930 πάσης,
819 845 876 912 καὶ
893 842 915 931 ἡ
935 849 996 913 τοῦ
1010 842 1083 931 ἡμι-

68 956 208 1019 κυκλίου
229 949 339 1036 πάσης
362 946 470 1037 ὀρθῆς
498 953 663 1030 ἐλάσσων,
691 946 765 1018 ἀλλ’
792 948 853 1018 οόκ
880 948 998 1032 ὀξείας.
1043 953 1082 1018 τὸ

69 1055 103 1126 δ’
119 1065 238 1143 αίτιον,
257 1055 311 1126 ὅτι
325 1063 441 1143 μικταί
452 1061 538 1124 εἰσιν
551 1056 607 1124 καὶ
627 1057 688 1125 οὐκ
707 1053 951 1144 εὐθύγραμμοι.
984 1058 1084 1125 τοῦτό
1120 1080 1136 1126 ο

67 1190 103 1232 τε
126 1156 190 1232 οὖν
213 1164 467 1250 ἐπισημαντέον,
490 1163 546 1230 καὶ
570 1161 622 1232 ὅτι
640 1160 702 1249 τὴν
721 1163 782 1249 μὲν
802 1160 912 1250 ὀρθὴν
930 1161 996 1230 ἀπὸ
1015 1167 1082 1230 τῶν

67 1272 185 1358 ἐφεξῆς
212 1277 298 1339 ίσων
328 1266 443 1338 οὐσῶν
475 1267 636 1357 ὡρίσατο,
667 1272 730 1357 τὴν
763 1270 800 1338 δέ
832 1267 996 1356 ἀμβλεῖαν
1027 1269 1083 1336 καὶ

65 1374 180 1459 ὀξεῖαν
203 1373 332 1462 οόκέτι,
359 1373 411 1445 ὀτι
434 1374 567 1465 ἄπειροι
591 1380 628 1444 αί
649 1378 810 1463 ἐγκλίσεις
833 1377 886 1444 ἐπὶ
909 1377 946 1445 τὸ
971 1381 1083 1462 μεῖζον

64 1484 123 1551 καὶ
146 1488 294 1568 ἐλαττον,
317 1481 374 1549 καὶ
397 1479 460 1549 οὐκ
478 1483 559 1567 ἐνῆν
576 1477 640 1549 ἀπὸ
663 1484 722 1567 τῆς
739 1486 878 1560 κλίσεως
895 1478 1008 1567 ὁρίσαι
1026 1484 1083 1567 τῆς

67 1585 217 1668 εὐθείας.
262 1587 375 1676 ὀρθῶς
402 1586 469 1675 ἀρα
491 1591 575 1673 πρὸς
597 1586 660 1673 τὴν
684 1586 794 1675 ὀρθὴν
816 1588 998 1675 ἀναφέρων
1021 1590 1082 1656 τὸν
1103 1615 1135 1665 10

65 1692 174 1780 λόγον
197 1691 410 1764 ἀποδέδωκεν
432 1698 501 1763 τῶν
523 1699 651 1762 λοιπῶν
674 1705 818 1781 γωνιῶν.

125 1798 225 1889 Ὅρος
245 1803 348 1887 ἐστίν,
373 1799 392 1869 ὀ
415 1802 506 1880 τινός
528 1802 598 1868 ἐστι
620 1801 729 1886 πέρας.

131 1904 194 1975 τόν
212 1905 295 1992 ὅρον
313 1905 355 1975 οά
373 1910 457 1993 πρδς
475 1905 606 1974 ἅπαντα
619 1903 802 1995 ἀναφέρειν
817 1911 872 1976 δεῖ
884 1906 925 1975 τά
939 1909 1081 1996 μεγέθη·

67 2013 211 2101 καὶγὰρ
233 2016 387 2100 γραμμῆς
410 2011 489 2100 ὅρος
512 2013 581 2080 ἐστὶ
604 2013 660 2080 καὶ
681 2014 796 2100 πέρας·
832 2011 917 2082 ἀλλά
939 2015 1022 2103 πρὸς
1040 2012 1081 2082 τά

67 2125 175 2207 χωρία
195 2117 235 2187 τά
260 2122 298 2188 ἐν
322 2121 529 2206 ἐπιφανείαις
547 2119 603 2186 καὶ
620 2118 662 2186 τά
682 2120 806 2206 στερεά.
838 2126 903 2190 νῦν
919 2120 982 2207 γάρ
997 2120 1081 2208 ὅρον
1101 2146 1134 2194 ιο

64 2233 162 2294 καλεῖ
171 2224 235 2313 τὴν
248 2225 409 2313 περιοχὴν
419 2223 481 2313 τὴν
495 2223 725 2312 ἀφορίζονσαν
739 2227 879 2294 ἕκαστον
889 2233 1015 2314 χωρίον
1024 2229 1080 2294 καὶ

64 2333 168 2421 πέρας
185 2329 378 2419 ἀφορίζεται
395 2342 518 2399 τοῦτον
535 2334 597 2398 τὸν
617 2331 710 2417 ὅρον,
736 2327 798 2418 οὐχ
822 2328 867 2410 ὡς
884 2331 922 2399 τὸ
942 2344 1081 2418 σημεῖον

65 2440 194 2526 λέγεται
225 2441 330 2527 πέρας
359 2441 527 2526 γραμμῆς,
559 2436 632 2506 ἀλλ’
659 2435 704 2518 ὡς
733 2435 771 2505 τὸ
804 2445 992 2523 περικλεῖον
1024 2439 1080 2505 καὶ

64 2559 256 2634 περιεσργον
276 2543 343 2614 ἀπὸ
362 2548 431 2612 τῶν
450 2544 697 2631 περικειμένων.
735 2541 820 2612 ὥστε
838 2547 902 2623 πᾶς
920 2544 981 2630 μέν
1001 2542 1081 2632 ὅρος

63 2652 121 2719 καὶ
143 2654 256 2740 πέρας,
280 2652 323 2720 οὐ
346 2650 414 2738 μὴν
437 2660 470 2719 εί
488 2677 520 2718 τι
543 2651 655 2736 πέρας,
677 2651 733 2718 καὶ
756 2649 844 2738 ὅρος.
1099 2677 1133 2726 20

132 2758 255 2847 Σχῆμά
289 2760 357 2826 ἐστι
388 2754 427 2825 τό
460 2753 525 2825 ὑπό
557 2782 650 2837 τινος
682 2754 704 2844 ἤ
734 2783 838 2825 τινων
870 2755 960 2845 ὀρων
992 2783 1080 2847 περι-

63 2864 238 2952 εχόμενον.

130 2974 194 3039 τοῦ
217 2973 381 3058 σχήματος
403 2975 528 3038 πολλαί
546 2971 634 3050 τινές
657 2974 721 3037 είσι
745 2975 922 3057 διαφοραί,
950 2973 1005 3039 καὶ
1030 2976 1082 3039 δεῖ

62 3078 186 3157 ταύτας
208 3075 395 3145 ἐπελθόντα
416 3076 473 3144 καὶ
496 3074 533 3144 τὸ
557 3082 778 3163 προκείμενον
796 3074 877 3164 ἡμῖν
896 3082 1080 3164 θεωρῆσαι,

62 3185 134 3252 ἀπὸ
166 3186 269 3250 ποίαν
300 3185 369 3250 τῶν
402 3185 578 3269 διαφορῶν
608 3180 777 3269 ἀνάγεται.
829 3188 898 3250 ἐστι
926 3183 987 3268 μέν
1016 3176 1079 3252 οὖν
1099 3208 1133 3257 οε

64 3292 175 3377 σχῆμα
197 3287 254 3355 καὶ
275 3286 359 3356 κατά
380 3286 510 3375 τροπήν
532 3285 763 3376 ὑφιστάμενον
784 3289 840 3356 καὶ
864 3287 929 3356 ἀπὸ
948 3288 1081 3371 πάθους

62 3395 302 3482 πλαττομένων
320 3391 342 3481 ἢ
362 3396 609 3482 διαιρουμένων
624 3391 645 3482 ἢ
660 3392 922 3482 ἀφαιρουμένων
940 3390 961 3482 ἢ
981 3416 1079 3482 προσ-

62 3502 253 3589 τιθεμένων
274 3504 388 3568 τινων.
436 3499 545 3588 σχῆμά
569 3502 661 3569 ἐστιν
687 3502 744 3569 καὶ
770 3499 808 3569 τὸ
844 3498 927 3567 κατὰ
959 3501 1079 3588 τέχνην

62 3607 248 3698 γινόμενον
273 3606 417 3676 καὶτὸν
448 3609 484 3676 ἐν
507 3605 592 3696 αὐτῇ
620 3611 739 3694 λόγον,
770 3612 829 3694 τῆς
856 3615 1080 3695 χαλκειπικῆς,

137 3845 181 3897 11.
201 3833 284 3911 δραι]
302 3833 407 3906 τρόπον
425 3836 540 3892 proclus
556 3856 585 3908 p,
601 3843 661 3910 186,
679 3844 705 3896 δ,
