2414 4236
231 489 389 542 scnom
407 491 446 542 m
463 490 738 543 ωτωιωωτοιτυω
755 492 894 544 mmm
908 492 944 544 11.
1031 489 1096 553 241

151 633 203 701 52.
225 627 334 698 Ἔστω
358 627 379 717 ή
400 639 464 699 AB
488 631 649 718 μονάδων
672 636 697 696 I·
722 630 850 718 ἐτμήθη
875 635 922 710 είς
945 635 965 703 ξ
986 631 1041 698 καί
1066 622 1096 698 ὅ.

79 747 141 825 τῆς
160 734 240 823 ὅλης
257 735 468 823 τετράγωνον
482 742 515 822 ρ·
538 741 600 804 τοῦ
618 735 787 822 τμήματος
804 741 848 822 ῖς,
867 740 927 803 καί
943 740 1028 803 είσιν
1042 742 1097 824 W&

82 840 179 930 ὁμοῦ.
222 842 279 909 καὶ
306 842 409 910 πάλιν
431 849 450 909 ῖ
472 842 526 911 ἐπὶ
550 834 617 929 M
644 842 699 909 καὶ
723 834 744 909 θ
772 842 824 909 ἐπὶ
846 847 918 929 ῐμ·
956 839 1042 928 ὁμοῦ
1060 848 1096 910 π.

79 946 197 1017 καὶτὸ
225 946 289 1015 άπὸ
318 953 381 1017 τοῦ
409 953 530 1017 λοιποῦ
556 946 725 1035 τμήματος
750 951 961 1035 τετράγωνον
988 946 1096 1034 ήγουν

79 1058 151 1122 τῶν
166 1060 186 1125 ξ
204 1058 355 1140 γίνονται
370 1061 419 1126 λξ.
451 1056 506 1122 καὶ
526 1052 613 1141 ὁμοῦ
631 1054 671 1121 τά
692 1057 789 1123 τῖιιαλ
807 1059 847 1126 λξ
866 1061 1017 1140 γίνονται
1032 1063 1095 1141 ρἰξ.
1132 1082 1150 1131 5

150 1163 202 1229 53.
248 1161 355 1230 Τοῦτό
388 1164 457 1229 ἐστι
488 1160 526 1229 τὸ
562 1161 780 1248 ζητούμενον,
814 1162 865 1230 ὅτι
897 1159 1014 1230 εὐθεῖά
1046 1189 1096 1242 τις

78 1277 260 1353 τμηθεῖσα,
283 1266 329 1346 ὡς
352 1273 478 1354 ἔτυχεν,
504 1264 524 1353 ή
550 1273 595 1354 μή
618 1272 665 1348 είς
687 1273 821 1347 πλείους
843 1267 947 1354 τομὰς
969 1264 990 1354 ή
1014 1274 1095 1356 μίαν

79 1374 148 1454 ἔξει
176 1371 309 1454 πάντως
335 1374 487 1461 τμήματα
513 1373 586 1441 δύο.
631 1375 715 1459 λέγω
744 1379 844 1459 γοῦν,
879 1372 930 1442 ὅτι
961 1373 1002 1441 τά
1032 1374 1094 1444 δύο

79 1478 235 1567 τμήματα
273 1481 384 1547 ἐκεῖνα
421 1478 600 1567 ποιήσουσι
637 1478 770 1559 πάντως
809 1482 1004 1572 βουλομένῳ
1041 1502 1095 1549 σοι

78 1588 272 1673 τετράγωνα
305 1586 368 1654 δύο
396 1585 634 1672 άναγραφίντα
661 1583 723 1673 ἀφ’
752 1584 830 1666 ἑνὸς
857 1584 1000 1656 ἑκάστου
1026 1591 1095 1657 τῶν
1115 1612 1148 1661 10

78 1691 273 1779 τμημάτων,
298 1693 478 1779 ποιήσουσι
501 1691 539 1759 δὲ
562 1690 695 1771 πάντως
718 1689 934 1780 ὀρθογώνιον
957 1696 994 1760 ἓν
1017 1698 1095 1781 ἔχον

77 1796 143 1883 τήν
170 1803 252 1886 μίαν
279 1797 428 1886 πλευρὰν
455 1797 492 1866 τὸ
521 1802 558 1865 ἓν
581 1802 691 1884 τμήμα
714 1803 774 1886 τής
796 1795 932 1879 εὐθείας
953 1799 1009 1866 καὶ
1031 1797 1095 1886 τήν

78 1902 199 1991 ἑτέραν
221 1903 378 1991 θάτερον.
423 1905 512 1989 λέγει
534 1909 635 1989 γοῦν,
663 1901 714 1972 ὅτι
741 1904 782 1971 τὰ
806 1906 868 1972 δύο
891 1903 1093 1992 τετράγωνα,

79 2004 103 2075 ἃ
125 2007 327 2094 ποιήσουσιν
349 2006 370 2095 ή
395 2006 456 2094 ὅλη
480 2005 597 2076 εὐθεῖα
624 2008 741 2077 καὶτὸ
765 2008 887 2095 ταύτης
910 2007 1094 2079 ὁποιονοῦν

79 2118 207 2201 τμῆμα,
237 2124 293 2182 ίσα
322 2121 455 2183 ἔσονται
482 2118 565 2183 θυσί
587 2134 676 2182 τισιν
705 2110 928 2200 ὀρθογωνίοις
951 2114 1093 2204 άναγρα-
1114 2142 1146 2192 ιε

79 2234 193 2307 φείσιν
225 2220 291 2289 ἀπὸ
324 2227 383 2308 τής
415 2220 495 2307 ὅλης
527 2221 662 2306 εὐθείας
694 2221 750 2286 καί
781 2223 843 2288 τοῦ
879 2217 956 2301 ἑνός
992 2221 1095 2311 αὐτῆς

78 2325 249 2414 τμήματος
277 2332 339 2396 τοῦ
366 2330 583 2413 πεποιηκότος
608 2324 646 2393 τὸ
672 2329 709 2393 ἓν
732 2324 943 2413 τετράγωνον
970 2328 1023 2394 καλ
1047 2332 1094 2421 τῷ

79 2434 277 2526 τετραγώνῳ
304 2438 351 2526 τῷ
379 2436 547 2525 γινομένῳ
575 2431 664 2518 παρὰ
691 2435 753 2500 τοτ’
782 2435 901 2499 λοιποῦ
927 2433 1095 2519 τμήματος

80 2548 142 2626 τῆς
165 2537 307 2620 εὐθείας.

147 2649 198 2714 54
226 2644 271 2714 ‘H
293 2644 354 2733 ὅλη
378 2650 406 2731 ῐ,
429 2644 466 2714 τὸ
492 2643 556 2713 ἀπὸ
579 2649 638 2732 τής
661 2641 741 2730 ὅλης
764 2649 799 2731 ρ,
821 2647 890 2713 τοῖν
912 2643 1093 2732 τμημάτων
1112 2670 1148 2721 20

78 2750 117 2818 τὸ
142 2758 255 2839 μεῖζον
279 2759 309 2838 ξ,
331 2751 368 2821 τὸ
393 2757 530 2819 ἔλαττον
553 2743 585 2837 ὅ,
607 2750 645 2819 τὸ
669 2748 735 2819 άπὸ
757 2761 819 2818 τοῦ
841 2756 992 2838 μείζονος
1012 2751 1093 2839 τμή-

82 2882 186 2943 ματος
208 2863 264 2944 λξ,
290 2858 328 2927 τὸ
353 2856 418 2926 άπὸ
442 2861 503 2926 τοῦ
531 2856 706 2937 ἐλάττονος
729 2863 777 2943 sc,
804 2855 837 2924 τί
871 2856 923 2936 θὶς
945 2853 1011 2925 ὑπὸ
1034 2859 1093 2945 τῆς

82 2958 163 3048 ὅλης
184 2962 239 3029 καί
261 2969 322 3032 τοῦ
345 2963 521 3043 ἐλάττονος
538 2963 705 3050 τμήματος
727 2968 763 3028 π’·
800 2958 959 3046 ἑκάτερον
977 2961 1041 3051 γὰρ
1061 2969 1092 3051 μ.

80 3067 118 3135 τὸ
138 3073 256 3137 τοίνυν
270 3069 322 3150 δὶς
340 3067 406 3138 ὑπὸ
420 3073 479 3156 τής
498 3066 578 3154 ὅλης
591 3067 645 3135 καί
659 3071 721 3135 τοῦ
735 3067 912 3146 ἐλάττονος
924 3069 1093 3154 τμήματος

152 3253 193 3301 ⁶2.
213 3248 254 3317 q¹.
327 3254 371 3303 ⁶3.
389 3248 429 3304 b¹.
502 3252 545 3301 64.
564 3246 590 3299 A
609 3244 710 3312 Coisl.;
730 3242 778 3298 cfr.
799 3243 886 3299 schol.
905 3248 947 3299 σθ.

152 3431 175 3480 1.
194 3427 256 3497 AB]
276 3431 412 3481 Becorr.
424 3442 451 3493 q.
487 3410 531 3480 Ι2.
549 3428 580 3491 ρ·
599 3429 650 3480 τοῦ
667 3419 810 3493 τμήματος
828 3420 869 3492 ss]
890 3422 1052 3488 ’ρῑξεοοηπ
1064 3441 1090 3493 q.

115 3503 140 3551 4.
160 3492 205 3568 τά]
225 3497 277 3552 τοά
295 3513 322 3565 q.
377 3491 552 3567 τετραγώνου
572 3512 599 3584 η.
673 3500 714 3549 10.
733 3488 792 3577 οἶμ’
813 3525 845 3534 -
867 3498 908 3547 11.
927 3492 1090 3568 τμημάτων]

80 3584 236 3637 suprascr.
255 3585 292 3622 m.
312 3567 372 3623 ead.
392 3569 418 3623 b.
512 3572 553 3622 14.
572 3567 609 3639 α]
629 3566 701 3620 θυαε
718 3565 773 3620 htt.
794 3580 874 3620 enan.
893 3563 929 3631 b;
947 3567 1013 3634 post
1029 3584 1091 3622 ποι-

78 3653 195 3726 ήσουσιν
214 3674 319 3727 magna
337 3659 382 3712 est
398 3673 503 3713 rasura.
586 3660 629 3710 20.
649 3655 673 3727 ῑ]
690 3646 709 3721 ξ
725 3654 809 3710 Οοίιί.
894 3654 925 3726 ρ]
944 3657 988 3724 ῑιθ
1007 3655 1091 3713 ΟοίιιΙ.

114 3751 158 3800 21.
176 3746 207 3817 ξ]
227 3737 341 3802 δΟοὶεΙ.
395 3738 457 3819 ἣγ
473 3743 555 3802 Coiel.
610 3751 653 3800 22.
671 3743 858 3816 λξ1ιῑθοίι1.
912 3735 1092 3816 ι’ςΠΟοίιΙ.

115 3839 158 3890 23.
177 3835 210 3907 π]
229 3827 268 3908 ᾗ
286 3834 367 3891 Coiul.
437 3835 470 3909 μ]
490 3843 528 3890 π
546 3833 630 3892 θοίιιΙ.

123 3933 272 3983 Euclides,
291 3933 341 3976 odd.
357 3934 500 3988 Ητίθττςττ
514 3938 607 3995 Konga.
631 3940 662 3986 V,
916 3934 957 3988 ΚΒ
