2414 4236
120 500 164 565 30
489 501 691 555 monam
708 497 760 555 ιδ’.

120 646 181 710 τοῦ
209 642 364 729 κέντρου,
395 645 433 709 αί
457 641 523 730 ἄρα
553 641 619 711 άπὸ
646 646 707 711 τοῦ
733 642 875 731 κέντρου
901 644 960 730 τῆς
986 647 1133 729 σφαίρας

122 749 174 816 ἐπὶ
201 748 241 815 τά
270 758 337 816 τῶν
364 747 497 817 κύκλων
530 751 668 818 ἐπίπεδα
698 749 838 819 κάθετοι
868 745 1030 836 ἀγόμεναι
1063 755 1133 816 ἴσαι

121 855 159 922 τέ
189 859 252 922 εἰσι
284 856 340 923 καί
372 857 425 924 έπί
456 855 497 925 τὰ
530 860 651 945 κέντρα
679 860 747 926 τάν
778 856 912 927 κύκλων
942 858 1134 925 πεσοῦνται.

123 957 207 1029 ὥστε
230 964 267 1028 αἰ
288 960 353 1030 άπὸ
375 974 436 1032 τοῦ
459 965 600 1050 κέντρον
622 967 681 1050 τῆς
703 969 848 1051 σφαίρας
866 962 918 1032 έπί
936 961 974 1031 τὸ
993 962 1135 1049 κέντρου

87 1072 184 1142 5τοῦ
215 1068 522 1156 περιλαμβάνοντος
552 1069 677 1140 κύκλου
703 1069 800 1139 τότε
826 1073 888 1139 τοῦ
916 1069 1134 1155 εἰκοσαέδρου

122 1179 289 1259 τρίγωνον
307 1174 362 1242 καί
380 1174 418 1243 τὸ
437 1185 498 1243 τοῦ
512 1175 745 1261 δωδεκαέδρου
762 1174 980 1262 πεντάγωνον
997 1175 1135 1242 κάθετοι

123 1275 285 1366 ἀγόμεναι
309 1289 378 1348 ἰσαι
399 1285 494 1350 εἰσίν.
532 1286 683 1361 ἰσοϋψεῖς
705 1280 771 1370 ἄρα
790 1281 876 1351 εἰσὶν
894 1283 932 1348 αἰ
947 1284 1133 1368 πυραμίδες

123 1389 160 1453 αἰ
181 1385 295 1471 βάσεις
318 1392 453 1474 ἔχουσαι
476 1386 516 1455 τά
536 1398 597 1456 τοῦ
616 1389 849 1473 δωδεκαέδρου
866 1387 1064 1473 πευτάγωνα
1079 1386 1136 1453 καί

123 1495 161 1559 αἰ
181 1495 294 1578 βάσεις
317 1498 452 1581 ἔχουσαι
475 1493 515 1561 τὰ
537 1498 599 1563 τοῦ
622 1497 839 1582 εἰκοσαέδρου
856 1499 1011 1582 τρίγωνα.
1044 1494 1082 1560 αἰ
1097 1491 1136 1560 δὲ

72 1626 105 1673 10
125 1602 275 1679 ἰσοϋψεῖς
298 1604 482 1687 πυραμίδες
504 1600 588 1687 πρὸς
609 1599 755 1689 άίλὴίας
777 1603 863 1670 εἰσίυ
887 1597 933 1680 ὡς
955 1603 993 1668 αἰ
1012 1597 1135 1686 βάσεις.

126 1701 170 1783 ὡς
193 1704 258 1791 ἄρα
286 1705 323 1775 τὸ
352 1706 567 1794 πεντάγωνον
594 1707 679 1795 πρὸς
705 1710 744 1776 τὸ
770 1712 952 1796 τρίγωνον,
980 1705 1086 1786 οὕτως
1113 1702 1134 1791 ἡ

124 1816 283 1899 πυραμίς,
310 1804 350 1898 ἦς
372 1811 469 1898 βάσις
492 1814 552 1900 μέν
580 1816 649 1882 έστι
675 1812 713 1882 ’τὸ
741 1813 974 1900 πεντάγωνον,
1001 1837 1134 1898 κορνφη

125 1915 162 1983 δὲ
185 1917 223 1985 τὸ
246 1919 385 2003 κέντρου
408 1921 467 2004 τῆς
493 1932 653 2005 σφαίρας,
679 1917 765 2006 πρὸς
791 1917 853 2006 τὴν
880 1921 1051 2006 πυραμίδα
1073 1917 1135 2003 τὴν

124 2025 226 2107 βάσιν
249 2023 310 2109 μὲν
334 2030 477 2111 ἔχουσαν
500 2024 537 2093 τὸ
561 2032 742 2111 τρίγωνον,
765 2024 921 2113 κορυφὴν
943 2023 981 2092 δέ
1003 2023 1041 2091 τὸ
1064 2029 1136 2091 κέυ-

75 2157 105 2206 ιο
125 2155 206 2214 τρου
237 2141 295 2216 τῆς
326 2139 481 2220 σφαίρας.
532 2132 587 2200 καί
615 2129 660 2212 ὡς
687 2130 753 2217 άρα
782 2133 912 2201 δάδεκα
939 2130 1136 2217 κεντάγωυα

125 2236 208 2324 πρὸς
232 2245 336 2305 εἰκοσι
359 2244 517 2326 τρίγωνα,
541 2236 647 2316 οὕτως
670 2238 800 2306 δάδεκα
819 2242 1003 2325 πυραμίδες
1020 2261 1137 2304 πεντα-

125 2342 256 2430 γάνους
288 2344 402 2428 βάσεις
430 2350 566 2432 ἔχουσαι
598 2344 681 2432 πρὸς
713 2353 817 2413 εἰκοσι
850 2348 1039 2430 πυραμίδας
1069 2369 1136 2429 τρι-

125 2450 256 2535 γάυονς
279 2450 393 2534 βάσεις
415 2453 563 2537 έχοάσας.
608 2451 663 2518 καί
693 2450 823 2519 δάδεκα
850 2450 911 2538 μὲν
938 2448 1135 2535 πεντάγωνα

126 2554 145 2642 ἡ
174 2560 235 2624 τοῦ
264 2558 497 2642 δωδεκαέδρου
525 2557 616 2626 έστίυ
645 2556 838 2644 ἐπιφάνεια,
871 2565 975 2624 εἰκοσι
1004 2554 1041 2622 δέ
1067 2559 1135 2641 τρί·

73 2690 107 2739 20
127 2689 219 2747 γωνα
242 2659 262 2748 ἡ
287 2667 348 2729 τοῦ
374 2665 588 2751 εἰκοσαέδρου
616 2662 801 2749 ἐπιφάνεια.
847 2668 938 2730 ἔστιν
961 2661 1025 2749 ἄρα
1049 2657 1137 2745 ὡςὴ

126 2771 186 2835 τοῦ
206 2770 438 2856 δωδεκαέδρου
457 2771 633 2856 ἐπιφάνεια
652 2767 735 2856 πρὸς
753 2771 814 2855 τὴν
832 2779 893 2836 τοῦ
911 2770 1137 2853 εἰκοσαέδρου,

127 2872 232 2953 οὕτως
251 2882 285 2960 ιβ
307 2880 490 2962 πυραμίδες
512 2875 746 3005 πευταγάυους
767 2881 902 2963 ἔχουσαι
925 2873 1038 2959 βάσεις
1056 2874 1139 2959 πρὸς

127 2989 231 3048 εἰκοσι
254 2986 443 3067 πυραμίδας
465 2981 648 3069 τριγώνους
670 2981 823 3066 βάσειςέ
822 2979 955 3067 χοάσας.
995 2984 1053 3045 καί
1073 2983 1138 3044 εἰσι

127 3080 161 3172 ιβ
184 3086 245 3174 μυ
268 3092 451 3173 πυραμίδες
474 3087 707 3174 πευταγάυους
727 3087 840 3173 βάσεις
858 3092 994 3173 έχονσαι
1013 3085 1050 3153 τὸ
1071 3106 1138 3152 στε

74 3223 107 3271 25
127 3193 206 3281 ρεὸν
226 3220 287 3261 του
271 3196 548 3289 δωδεκαέδρου,
572 3203 677 3262 εἰκοσι
696 3192 733 3261 δέ
751 3196 936 3280 πυραμίδες
953 3191 1138 3281 τριγώνους

126 3300 241 3384 βάσεις
263 3305 398 3388 ἔχουσαι
421 3299 458 3368 τὸ
487 3299 623 3388 στερεὸν
651 3304 712 3370 τοῦ
739 3302 964 3386 εἰκοσαέδρου.
1009 3301 1064 3366 καί
1093 3297 1139 3378 ὡς

200 3505 224 3551 1.
244 3493 326 3549 αἰ-
341 3494 603 3580 κέντρον]οιιι..Ρ
684 3490 794 3567 άρα]γ
794 3492 830 3562 άρ
853 3493 936 3548 BVv.
1023 3489 1139 3546 σείων

127 3566 183 3620 PB.
264 3566 431 3637 πεσοῦνται]
450 3568 600 3620 πίπτουσιν
619 3565 729 3621 PBVv.
812 3572 837 3621 4.
861 3561 893 3619 τὸ
913 3562 1048 3651 κέντρον]
1069 3579 1137 3617 corr.

127 3640 155 3693 in
176 3635 210 3692 τά
230 3636 385 3705 ue'thaV.
458 3642 482 3692 δ,
503 3636 564 3709 τοῦ]
584 3653 653 3693 corr.
672 3637 702 3691 in
721 3637 829 3691 toivV.
889 3631 994 3689 κύκλου
1014 3633 1117 3720 (corr.
1110 3651 1138 3685 m

127 3707 239 3762 κύκλων
258 3708 294 3776 V)
312 3708 362 3762 τοῦ
382 3710 448 3778 (om.
458 3707 493 3775 V,
512 3724 597 3778 supra
610 3725 660 3763 τοι.
675 3712 726 3762 τοῦ
741 3726 770 3762 τε
786 3724 822 3761 m.
834 3708 861 3775 2)
880 3702 1139 3834 περιλαμβάνοντος

127 3779 238 3834 PBVv.
295 3779 340 3850 τι]
360 3794 414 3833 om.
434 3780 470 3835 Μ
544 3786 568 3835 6.
588 3775 637 3852 τά]
657 3797 688 3834 ιιι
690 3796 742 3848 pra
760 3778 823 3834 add.
843 3797 894 3833 του
913 3795 940 3832 m
964 3784 980 3832 2
1091 3797 1138 3829 κα-

118 3853 258 3900 θεται-
282 3855 303 3904 7
329 3848 418 3923 εἰσιν]
447 3854 505 3906 ἰοαι
528 3852 586 3919 (ἰσα
605 3849 638 3920 Ρ)
663 3849 769 3920 εἰσί(ν,)
796 3846 940 3905 τουτέστιν
963 3845 997 3904 αἰ
1019 3844 1139 3903 κάθετοι
