2414 4236
194 502 351 556 scflom
368 504 407 555 IN
424 502 699 555 ELEMENTORUM
716 503 856 556 LIBRUM
869 504 929 557 VII.
1002 500 1066 568 37?

52 644 114 713 τὸν
137 636 175 731 β,
208 641 314 723 οὕτως
342 641 360 711 6
385 650 405 730 γ
430 642 516 730 πρὸς
542 641 604 710 τὸν
637 633 659 710 6
684 641 786 711 καλό
809 648 828 712 ἶ
853 642 940 731 πρὸς
959 643 1067 717 πδνξ

53 751 110 820 καὶ
134 752 261 838 ἐφεξῆς.
308 750 418 819 ίστίον
443 742 522 834 οὖν,
553 748 605 819 ότι
629 748 647 818 6
671 747 716 817 δι’
743 757 821 818 ἴσον
843 748 945 837 λόγος
967 752 1005 819 ἐν
1027 754 1067 840 τῇ

54 870 190 945 συνεχεῖ
210 855 298 946 μόνῃ
322 857 488 947 ἀναλογίᾳ
515 866 709 944 θεωρεῖται,
743 853 784 924 οὐ
807 855 922 944 μέντοι
950 857 1007 925 καὶ
1030 859 1067 925 ἐν

53 967 94 1051 τή
119 968 238 1050 διεχεῖ,
262 958 338 1032 οἷον
361 968 511 1032 ἔστωσαν
535 960 678 1050 ἀριθμοὶ
700 975 805 1048 τρεῖς,
829 960 847 1031 6
871 968 902 1047 ἆ,
926 960 944 1031 6
968 969 991 1049 β
1012 964 1068 1031 καὶ

56 1067 75 1138 6
100 1061 132 1154 δ,
155 1069 210 1137 καί
235 1067 331 1137 ἄλλοι
356 1067 470 1149 αὐτοῖς
494 1077 562 1136 ίσοι
585 1067 623 1136 τὸ
645 1071 792 1155 πλῆθος,
821 1065 839 1135 6
863 1073 900 1154 γ,
928 1066 946 1136 6
970 1074 990 1140 ξ
1011 1070 1103 1142 καλό

55 1174 75 1246 6
98 1169 142 1262 τό.
188 1166 284 1244 οὗτοι
305 1173 368 1262 τήν
392 1179 516 1263 συνεχῆ
540 1173 769 1261 φυλάττουσιν
792 1171 989 1261 ἀναλογίαν,
1012 1177 1068 1244 καί

55 1280 301 1370 λαμβανόντων
328 1278 424 1369 ήμῶν
452 1279 493 1348 τά
521 1280 608 1366 ἀκρα
636 1277 654 1347 6
684 1277 784 1360 αὐτὸς
806 1283 843 1349 ἐν
867 1277 1069 1369 ἀμφοτέροις

18 1428 23 1436 ·
56 1390 126 1457 ἐστὶ
149 1387 261 1475 λόγος·
295 1384 340 1467 ὡς
362 1388 427 1474 γὰρ
452 1391 518 1473 ἔχει
541 1383 562 1473 6
587 1384 692 1473 μονάς
714 1385 799 1472 πρὸς
820 1385 880 1455 τὸν
904 1379 936 1473 δ,
962 1387 1069 1467 οὕτως

57 1492 232 1582 ὁγπρὸς
254 1493 315 1562 τὸν
337 1484 389 1577 ᾗ,
422 1491 542 1562 καὶτὸ
571 1490 924 1580 δι’ίσουτετήρήται.
970 1495 1007 1561 ἐν
1032 1492 1069 1562 δὲ
1175 1534 1178 1539 -

57 1604 99 1690 τή
123 1606 227 1688 διεχεῖ
243 1596 409 1690 ἀναλογίᾳ
426 1584 544 1686 ήκιστα
563 1598 601 1666 τὸ
620 1598 777 1667 τοιοῦτόν
791 1600 861 1668 ἐστι
879 1598 1069 1688 γινόμενον.
1090 1625 1123 1672 10

59 1700 134 1775 οἷον
157 1710 194 1776 ἐν
218 1710 323 1793 διεχεῖ
344 1703 509 1795 ἀναλογίᾳ
533 1709 682 1773 ἔστωσαν
709 1702 851 1792 ἀριθμοὶ
874 1695 896 1774 δ
919 1704 937 1775 6
962 1713 983 1773 ἆ
1006 1704 1025 1775 6
1048 1713 1069 1792 β

57 1811 76 1883 ὁ
96 1820 118 1900 γ
139 1811 157 1882 6
179 1819 198 1886 ξ
219 1814 276 1882 καὶ
295 1812 393 1881 ἀλλοι
412 1809 526 1891 αὐτοῖς
545 1810 670 1880 ίσοιτὸ
689 1815 821 1899 πλῆθος
844 1811 973 1881 σύνδυο
993 1821 1071 1900 λαμ·

58 1919 241 2007 βανόμενοι
272 1919 328 1986 καί
361 1911 398 1986 ἓν
425 1920 470 2008 τῷ
500 1914 591 2009 αὐτῷ
619 1917 709 2008 λόγῳ
733 1915 750 1986 6
776 1911 797 1988 δ
825 1917 890 2007 66
917 1918 936 1989 6
961 1946 977 1988 ε
1001 1917 1018 1987 6
1041 1925 1071 1994 ῖ.

59 2029 96 2094 ἐν
118 2024 250 2105 τούτοις
273 2028 304 2091 εί
325 2024 381 2092 καί
400 2020 446 2090 δι’
468 2031 545 2090 ῖσου
563 2022 715 2103 εἰπόντες
732 2022 772 2093 τά
792 2023 879 2113 ἀκρα
897 2024 1070 2114 λάβοιμεν,

61 2127 163 2198 οὐδὲν
187 2127 374 2218 εὑρήσομεν
397 2125 530 2216 ὅμοιον·
567 2128 588 2216 6
616 2128 681 2214 γὰρ
710 2127 817 2216 μονάς
842 2134 905 2198 τοῦ
929 2136 949 2202 ξ
971 2132 1071 2218 μέρος
1091 2153 1124 2202 ιο

61 2236 130 2305 ἐστὶ
162 2240 223 2303 καί
247 2236 339 2302 ἐστιν
367 2231 473 2303 αὐτοῦ
500 2237 596 2303 ἕκτον
624 2239 658 2301 ἃ·
697 2231 715 2302 6
744 2235 782 2304 δὲ
810 2226 831 2304 6
857 2239 920 2304 τοῦ
947 2241 965 2304 ῐ
988 2239 1071 2324 μίρή

60 2344 143 2410 ἐστί·
181 2342 301 2410 δίκαια
328 2338 393 2426 γάρ
421 2338 526 2410 αὐτοῦ
555 2345 621 2428 ἔχει
646 2332 680 2409 δ.
727 2338 811 2409 ὥστε
839 2338 857 2409 6
886 2341 947 2427 μὲν
971 2350 991 2416 ξ
1012 2346 1072 2428 τής

62 2445 213 2536 μονάδος
246 2445 442 2528 ἑξαπλάσιος
474 2444 523 2517 ἀν
550 2436 799 2527 πολλαπλάσιός
827 2448 917 2516 ἐστιν
949 2445 1072 2533 ἁπλῶς,

59 2551 78 2648 6
109 2554 147 2623 δὲ
175 2558 193 2621 ῖ
217 2545 325 2622 τοῦδ
352 2553 654 2640 διπλασιεφήμισυς
682 2550 730 2623 ἀν
763 2551 954 2640 ἐπιδιμερής
982 2555 1073 2622 ἐστιν

61 2658 182 2747 αὐτοῦ,
208 2657 246 2729 τό
277 2659 315 2729 δὲ
346 2660 533 2748 ἐπιδιμερὲς
560 2665 623 2729 τοῦ
651 2664 828 2749 ἐπιμεροῦς
854 2656 945 2739 είδός
972 2661 1073 2743 ἐστιν,
1092 2680 1127 2730 20

59 2768 112 2836 ἐπὶ
126 2773 378 2837 πολλαπλασίου
398 2767 435 2837 δὲ
454 2765 560 2854 λόγον
577 2768 633 2835 καί
652 2771 764 2848 εῖδους
778 2769 956 2856 ἕπιμεροῦς
970 2764 1073 2834 οὐδὲν

60 2869 104 2940 ἀν
128 2872 307 2962 διαμάρτοι
331 2871 349 2942 6
372 2874 410 2943 τό
431 2872 608 2962 Ὁμήρειον
631 2876 738 2943 ἐκεῖνο
762 2873 870 2959 λόγων
894 2877 973 2953 ἔπος
995 2870 1033 2939 τὸ

532 2972 554 3066 ή
578 2978 667 3067 μάλα
688 2977 795 3047 πολλά
819 2977 941 3066 μεταξὺ

196 3081 298 3171 οὔρεά
321 3110 357 3152 τε
380 3082 536 3152 σκιόεντα
557 3084 714 3153 θάλασοά
737 3111 772 3153 τε
794 3082 949 3172 ήχήεσσα.

131 3249 156 3299 11.
176 3241 241 3314 ἑξῆς
259 3262 286 3313 q.
359 3239 388 3316 6]
407 3259 462 3300 om.
480 3242 515 3299 V.
593 3251 619 3300 4.
644 3242 781 3317 ἔστωσαν]
800 3239 853 3301 ίάτ
871 3261 930 3327 (1.-
981 3249 1004 3299 7.
1024 3241 1074 3298 τόν

59 3328 149 3387 αὐτόν
167 3350 194 3401 q.
259 3335 284 3385 8.
305 3326 363 3386 ἐστι
380 3328 474 3402 λόγος]
494 3327 651 3402 εὑρήσομεν
665 3330 749 3402 λόγον
769 3350 795 3401 q.
862 3327 894 3386 τό
915 3333 977 3401 6q.
1048 3337 1074 3389 9.

59 3418 92 3478 τὸ
110 3424 128 3491 γ
146 3437 172 3489 q.
245 3417 278 3474 τδ
297 3408 328 3492 sp
345 3438 372 3490 q.
445 3418 490 3492 δι’]
508 3419 562 3488 γάρ
581 3438 608 3489 q.
685 3425 726 3476 10.
746 3416 817 3493 ἐστι]
837 3415 956 3489 eham
974 3415 1074 3490 γάρ.

96 3490 266 3562 γιγνόμενον
286 3507 312 3558 q.
369 3498 409 3546 11.
430 3489 491 3547 οἷον
511 3487 564 3548 &dv
582 3492 663 3560 διεχῆ
676 3487 833 3561 ἀναλογίαν
851 3510 878 3561 q.
939 3439 1076 3617 zanab]

60 3558 92 3617 ίν
111 3579 138 3631 q.
217 3557 352 3632 ἀριθμοῖς
367 3579 401 3687 ἓν
480 3568 522 3616 12.
546 3557 561 3615 6
581 3561 610 3632 ξ]
630 3561 679 3616 καλ
697 3558 750 3621 όξ
773 3580 799 3631 q.
882 3566 924 3617 18.
948 3556 1006 3649 δῑ]
1025 3581 1063 3616 αα

61 3630 159 3703 6zq.
252 3637 294 3688 14.
319 3631 367 3687 είπ
404 3633 465 3706 τις]
490 3631 537 3688 είπ
555 3650 582 3687 οι
601 3652 642 3695 τις
659 3632 693 3688 V.
787 3638 827 3688 16.
852 3627 944 3704 ἐστιν]
970 3652 1024 3702 γαρ
1068 3675 1075 3689 .

99 3702 193 3776 ἕκτον]
212 3698 289 3759 ἔστιν
307 3720 335 3773 q.
410 3709 451 3760 17.
471 3701 540 3776 ἔχει]
560 3707 619 3774 ἕο.
691 3707 735 3759 21.
755 3697 806 3775 ἐπί
820 3703 857 3758 ad
876 3703 960 3758 finem
979 3717 1033 3760 om.

62 3774 159 3830 addito
178 3774 259 3845 signo
278 3795 327 3828 ιω
339 3773 372 3847 (ζ,
398 3775 443 3830 eui
461 3791 535 3830 nunc
549 3774 620 3829 nihil
634 3773 793 3845 respondet.
855 3779 898 3830 22.
913 3769 1076 3845 Ὀμήριιον]

62 3843 94 3900 11.
115 3844 137 3915 1,
158 3850 289 3901 1⁶6-57.
362 3852 406 3901 24.
425 3842 542 3917 ήχίεοσα
561 3864 592 3919 q;
610 3862 711 3904 nomm
726 3844 820 3903 habs&
832 3846 884 3904 Ψ.
1131 3866 1135 3873 ’
