2414 4236
225 471 382 525 scflom
400 475 439 524 m
457 473 732 525 οοοαοατοουιι
750 475 889 526 mmmm
903 477 924 528 1.
1012 471 1079 538 215

136 614 208 681 151.
222 609 330 681 Ἔστω
346 610 367 699 ἡ
383 619 450 680 ΒΓ
465 610 487 700 ἡ
506 610 732 682 ὑποτείνουσᾶ
745 611 807 700 την
822 611 933 703 ὀρθὴν
948 621 1079 700 γωνίαν

64 718 129 807 τὴν
147 715 212 786 ὑπὸ
226 724 329 786 ΒΑΓ
344 718 503 806 μονάδων
520 730 549 805 ἓ,
568 718 605 788 τδ
621 719 658 788 δὲ
674 718 730 787 ἄνι’
748 718 850 806 αὐτῆς
868 719 1080 809 τετράγωνον

64 824 226 913 μονάδων
252 831 299 894 κἐ.
348 825 451 893 πάλιν
479 830 562 893 ἔστω
590 822 610 911 ἡ
635 833 702 894 BA
729 825 847 895 εὐθεῖα
874 826 1035 913 μονάδων
1060 820 1080 894 δ

63 933 120 999 καὶ
143 934 182 1000 τὸ
205 930 262 999 ἀπ’
288 930 390 1017 αὐτῆς
413 931 624 1019 τετράγωνον
647 935 808 1018 μονάδων
831 939 881 1018 Ε,
909 931 930 1020 ἡ
959 933 996 1001 δὲ
1019 940 1081 1002 ΓΑ

64 1037 225 1124 μονάδων
247 1065 269 1124 γ
291 1039 347 1105 καὶ
370 1037 407 1108 τὸ
431 1035 487 1104 ἀπ’
509 1036 612 1125 αὐτῆς
629 1039 842 1127 τετράγωνον
861 1039 1024 1127 μονάδων
1042 1034 1078 1109 θ.
1117 1061 1134 1108 σ

62 1144 102 1212 τὸ
121 1136 185 1212 οὖν
200 1136 228 1210 θ
245 1147 283 1211 τδ
303 1143 369 1212 ἀπό
388 1154 446 1230 τῆς
463 1149 523 1211 ΓΑ
539 1144 750 1231 τετράγωνον
768 1146 824 1213 καὶ
842 1145 883 1213 τὰ
903 1152 937 1220 ἦ
955 1144 992 1214 τό
1013 1143 1078 1214 άπὸ

62 1254 124 1337 τῆς
141 1256 207 1317 ΑΒ
230 1257 287 1317 ίσα
310 1251 374 1318 είσλ
396 1264 467 1330 τοῖς
489 1255 526 1318 κε’
547 1254 593 1342 τῷ
618 1248 683 1319 ἀπὸ
706 1256 764 1338 της
785 1257 851 1319 ΒΓ
869 1251 1080 1342 τετραγῶνω·

62 1344 91 1424 θ
113 1355 178 1442 γὰρ
201 1356 257 1424 καὶ
280 1362 315 1428 ἦ
337 1363 383 1426 κἐ.

134 1466 208 1531 152.
235 1460 307 1529 Ἐκὶ
329 1466 370 1552 τῇ
389 1460 517 1550 εὑρέσει
540 1463 663 1532 τούτου
681 1468 743 1532 τοῦ
761 1465 979 1553 θεωρήματος
998 1469 1081 1549 βου-

63 1571 212 1654 θυτῆσαι
234 1569 363 1654 λέγεται
387 1565 406 1636 ό
430 1568 653 1656 Πυθαγόρας,
677 1568 722 1650 ῶς
745 1590 828 1656 φησι
853 1569 1007 1659 Πρόκλος
1030 1571 1079 1652 ἐξ·
1099 1591 1132 1640 10

61 1661 252 1762 ηγοόμευος
275 1673 367 1743 αὐτό.

133 1784 205 1850 153.
236 1778 370 1864 Ἰστέον,
389 1780 451 1865 ότι,
471 1777 553 1849 όταν
571 1775 591 1869 ᾖ
612 1781 783 1867 σκαληνόν
796 1781 834 1851 τὸ
850 1780 1076 1870 όρθογῶνιον,

63 1886 242 1974 δυνάμεθα
260 1885 312 1954 ἀεὶ
331 1885 377 1954 δι’
394 1884 552 1973 ἀριθμῶν
570 1884 773 1957 άτιοδιδόναι
787 1887 825 1957 τό
841 1887 906 1957 άιιδ
920 1894 979 1976 τῆς
996 1888 1079 1958 ὑπο-

63 1993 238 2080 τεινούσης
269 1992 480 2079 τετράγωνον
509 2001 587 2060 ίσον
618 2007 688 2074 τοῖς
720 1992 785 2063 ἀπὸ
821 1999 890 2064 τῶν
921 2000 1076 2085 πλευρῶν

63 2098 292 2187 τετραγώνοις.
323 2104 355 2167 εἰ
371 2097 436 2187 γάρ
456 2101 546 2167 ἐστιν
565 2097 743 2185 ἡκάθετος
756 2101 912 2187 περισσὸς
930 2100 1078 2190 άριθμὸς
1098 2122 1131 2173 ιο

62 2202 129 2273 άπὸ
154 2210 216 2274 τοῦ
243 2211 319 2293 τρία
345 2205 478 2285 πάντας
504 2203 704 2293 ἀρχόμενος,
732 2207 988 2290 αολυαλασιάζω
1016 2207 1076 2277 τὸν

61 2321 220 2380 τοιοῦτον
242 2309 392 2399 άριθμον
414 2308 492 2379 καθ’
519 2310 654 2379 ἑαυτόν·
691 2309 761 2379 εἶτα
784 2307 919 2400 άφαιρῶ
943 2313 1075 2399 μονάδα

60 2419 119 2485 καὶ
141 2416 179 2486 τὸ
199 2416 303 2506 ἥμισυ
320 2429 382 2486 τοῦ
401 2423 578 2504 μείναντος
596 2418 747 2505 ἀριθμοῦ
764 2421 850 2485 ποιῶ
866 2416 981 2503 βάσιν·
1005 2415 1077 2486 εἶτα

61 2529 268 2612 προστίθημι
291 2522 425 2610 μονάδα
447 2525 502 2591 καὶ
525 2523 692 2610 ποιεῖτὴν
710 2506 966 2592 διτοτείνουσαν.
1003 2517 1077 2593 οἷον

62 2631 116 2699 ἐπὶ
140 2628 385 2717 ὑαοδείγματος
407 2634 490 2697 ἔστω
518 2628 538 2717 ἡ
561 2634 704 2711 κάθετος
728 2640 755 2698 ἒ.
800 2630 1076 2713 πολλαπλασιάζω
1095 2656 1131 2705 20

62 2741 176 2805 ταῦτα.
222 2743 376 2824 γίνονται
398 2741 444 2804 ι’ῶ.
491 2735 625 2824 άφαιρῶ
649 2737 789 2823 μονάδα.
840 2740 1002 2825 μένουσιν
1025 2743 1076 2808 ιἰδ.

63 2844 104 2910 τὰ
124 2841 225 2930 ἡμίση
242 2844 372 2913 τούτων
390 2842 499 2930 ἤγουν
516 2842 556 2911 τὰ
576 2836 615 2929 a]
628 2847 714 2913 ποιῶ
729 2844 840 2931 βάσιν.
871 2853 1077 2934 προστίθημι

63 2947 199 3036 μονάδα
225 2950 279 3017 καλ
304 2954 391 3019 ποιῶ
418 2949 481 3035 τὴν
508 2946 761 3019 ὑποτείνουσαν.
807 2953 876 3018 τῶν
904 2949 967 3037 γὰρ
991 2959 1028 3036 ἦ)
1055 2950 1076 3040 ἡ

62 3056 219 3141 δύναμις,
243 3052 262 3123 ό
285 3058 353 3124 ἐστι
376 3054 415 3124 τὸ
434 3054 499 3123 άπὸ
519 3055 649 3124 τούτων
667 3056 889 3142 τετράγωνον,
913 3061 982 3125 ἔστι
1001 3050 1077 3144 ρξ-θ,

60 3159 147 3229 άλλδι
175 3162 232 3229 καλ
259 3159 299 3228 τά
328 3160 567 3248 συναμφότερα
593 3163 785 3249 τετράγωνα
811 3160 850 3229 τό
873 3187 908 3229 τε
932 3160 996 3230 ἀπὸ
1019 3168 1077 3250 της
1095 3181 1131 3232 2⁶

60 3269 209 3337 καθέτου
237 3265 312 3353 ἦτοι
338 3264 379 3334 τὰ
402 3272 441 3334 τῶ
467 3267 522 3334 καλ
549 3264 587 3335 τὸ
615 3264 680 3335 ἀπό
708 3272 767 3352 της
789 3268 916 3352 βάσεως
938 3266 1013 3356 ἤτοι
1036 3268 1077 3336 τδι

61 3379 129 3461 ’ρ’μδ
164 3371 225 3442 τόν
258 3365 324 3459 ρξῖλ
355 3377 610 3461 συμπληροῦσιν
642 3371 807 3458 ἀριθμόν·
843 3379 903 3441 καί
932 3376 1021 3443 ἐστιν
1054 3371 1075 3463 ἡ

61 3481 210 3566 μέθοδος
223 3477 307 3568 αὕτη
318 3479 540 3567 Πυθαγόρου,
556 3479 601 3559 ῶς
615 3476 841 3565 φησινἭρων
854 3479 909 3546 καλ
921 3483 1077 3567 Πρόκλος

135 3664 194 3713 ιιι.
214 3677 240 3727 q.
316 3664 375 3713 ιιι.
394 3657 426 3715 Β.
501 3663 559 3712 153.
580 3654 666 3712 B²b¹.

60 3769 276 3787 Μ

134 3823 177 3874 20.
197 3820 428 3889 παραδείγματος
437 3816 467 3871 Β.
522 3822 564 3871 23.
585 3815 626 3890 ιγ]
645 3815 824 3887 δεκατρίαΒ.
878 3816 1087 3876 λλωοότοοο
