2414 4236
185 490 342 544 scuom
359 490 398 541 ια
415 488 689 541 ammom
707 486 846 539 ιιΒιιοιι
859 487 934 539 xm.
1001 482 1067 548 669

124 634 175 699 56.
213 630 282 697 Καὶ
306 628 375 697 ἐπεὶ
398 627 569 714 ἑξαγώνου
592 654 623 716 p.
642 630 717 713 306,
742 630 796 710 18]
822 634 877 711 ἴση
901 623 965 711 γὰρ
989 625 1068 692 ὑπό·

53 763 158 806 κειται
181 740 220 824 τῆ
245 737 281 802 ἐκ
303 738 364 803 τοῦ
386 735 529 819 κέντρου
551 738 613 802 τοῦ
635 732 770 801 κύκλου.

123 846 174 909 57.
209 839 298 908 Ἐπεὶ
326 841 461 908 δέδοται
487 839 509 925 ἡ
533 847 605 907 ΠΕ
630 847 685 924 ι’ση
711 841 751 927 τῆ
775 840 811 907 ἐκ
832 841 894 905 τοῦ
916 837 1068 922 κέντρου,

55 947 227 1032 ἑξαγώνου
267 947 333 1033 ἄρα
375 946 444 1014 ἐστὶ
485 941 612 1031 πλευρὰ
647 941 705 1011 διδι
745 944 891 1030 πόρισμα
927 945 989 1010 τοῦ
1027 939 1069 1009 ιε’

54 1057 116 1122 τοῦ
141 1057 161 1120 δ
166 1052 183 1120 '.
1107 1075 1122 1124 5

123 1163 176 1228 58.
208 1159 277 1226 Καὶ
294 1155 332 1226 τὸ
349 1163 461 1244 μεῖζον
480 1182 511 1244 p.
526 1159 602 1243 310,
617 1159 672 1241 16]
692 1183 713 1242 η
732 1153 797 1242 γὰρ
815 1161 886 1223 ΦΧ
899 1152 1071 1239 ἑξαγώνου

58 1266 128 1334 ἐστὶ
151 1265 295 1351 πλευρά,
322 1262 343 1351 ῆ
368 1263 404 1332 δέ
427 1270 496 1331 ΧΩ
524 1260 734 1348 δεκαγώνου,
761 1267 881 1349 μείζων
904 1260 942 1329 δέ
965 1260 986 1348 ῆ
1010 1264 1072 1328 τοῦ

57 1369 231 1456 ἑξαγώνου
252 1380 312 1457 τῆς
333 1373 395 1437 τοῦ
419 1367 623 1454 δεκαγώνου.

126 1479 177 1544 59.
205 1475 278 1562 Ἴσῆ
303 1473 341 1543 δὲ
363 1475 384 1561 ῆ
409 1474 470 1562 μὲν
493 1480 566 1541 ΩΦ
587 1499 618 1561 p.
641 1475 716 1561 310,
739 1475 797 1557 25]
821 1471 929 1541 έπειδδ
958 1472 979 1559 ῆ
1003 1477 1076 1539 ΩΧ

56 1581 115 1651 καὶ
133 1581 154 1669 ῆ
172 1589 250 1650 ΦΨ
271 1589 341 1649 λσαι
359 1585 440 1650 εἰσί·
464 1577 660 1666 δεκαγώνου
678 1579 741 1667 γάρ
765 1581 830 1647 εἰσι
852 1578 993 1666 πλευραὶ
1010 1583 1072 1646 τοῦ
1092 1604 1125 1653 ιο

58 1692 107 1768 εἰς
129 1687 190 1757 τὸν
213 1686 319 1756 αὐτὸν
341 1689 466 1756 κύκλου
489 1687 760 1773 ἐγγραφομένου·
783 1683 880 1772 κοινῆ
899 1685 937 1754 δέ
957 1682 976 1772 ἡ
996 1691 1072 1770 ΦΧ,

57 1795 80 1882 ῆ
105 1801 178 1863 ΩΦ
200 1792 266 1881 ἄρα
289 1803 345 1880 ἴση
369 1793 438 1862 ἐστὶ
460 1794 500 1882 τῆ
524 1797 606 1859 ΧΨ

128 1904 180 1969 60.
213 1898 414 1987 ’Λμφότεραι
436 1897 501 1987 γδιρ
525 1897 720 1986 δεκαγώνου
741 1907 803 1968 τοῦ
826 1902 873 1980 εἰς
890 1896 950 1966 τὸν
969 1893 1073 1965 αὐτὸν

57 2006 185 2073 κύκλον
209 2007 480 2094 ἐγγραφομένου,
512 2003 610 2091 κοινῆ
638 2004 676 2072 δὲ
702 2000 724 2090 ἡ
751 2012 832 2073 ΦΧ·
869 2001 986 2092 ῆΩΦ
1008 2002 1074 2088 ἄρα

59 2115 100 2200 τῆ
125 2116 204 2177 ΧΨ
221 2111 313 2178 ἐστιν
335 2118 400 2196 ἴση.
1094 2131 1129 2183 15

130 2218 183 2283 61.
216 2213 475 2285 Πενταπλάυιον
488 2212 555 2302 ἄρα
574 2216 646 2281 ἐστί
661 2239 690 2300 p.
706 2217 781 2300 312,
797 2219 852 2299 15]
873 2215 942 2284 ἐπεὶ
960 2240 1076 2284 πεντα-

63 2319 209 2389 πλάσιόν
233 2322 302 2388 ἐστι
323 2318 362 2388 τὸ
386 2318 450 2387 ἀπὸ
474 2323 532 2404 τῆς
550 2318 633 2388 ΩΑ’
653 2323 713 2388 τοῦ
736 2317 802 2389 ἀπὸ
820 2324 879 2407 τῆς
892 2319 985 2406 XA‘,
1007 2326 1075 2388 ἔστι

64 2428 102 2496 δέ
125 2431 184 2514 τῆς
206 2428 289 2496 ΩΑ’
313 2429 413 2513 διπλῆ
437 2425 459 2512 ῆ
477 2432 565 2512 ΩΨ,
587 2429 646 2511 τῆς
670 2426 707 2493 δὲ
729 2425 810 2494 XA'
835 2429 935 2513 διπλῆ
955 2424 976 2514 ἡ
997 2434 1076 2511 ΧΦ,

66 2532 123 2601 καὶ
146 2530 184 2600 τὸ
208 2531 273 2600 ἀπὸ
296 2536 355 2620 τῆς
375 2538 458 2600 ΩΨ
475 2529 541 2617 ἄρα
564 2531 811 2601 πενταπλάσιόν
835 2534 904 2601 ἐστι
925 2536 987 2600 τοῦ
1010 2530 1075 2602 ἀπὸ

62 2644 124 2726 τῆς
140 2645 217 2707 ΧΦ.
253 2643 285 2707 εἰ
300 2638 365 2726 γὰρ
382 2638 421 2708 τὸ
445 2635 510 2705 ἀπὸ
534 2642 593 2726 τῆς
615 2634 721 2726 διπλῆς
739 2638 988 2708 πενταπλάσιόν
1008 2643 1076 2708 ἐστι
1096 2664 1130 2714 εο

62 2750 127 2814 τοῦ
159 2743 224 2814 ἀπὸ
250 2747 309 2832 τῆς
336 2745 459 2833 ἁπλῆς,
491 2743 548 2813 καὶ
574 2741 613 2813 τὸ
639 2741 705 2812 ἀπὸ
732 2756 791 2832 τῆς
819 2749 937 2832 διπλῆς
961 2769 1077 2814 πεντα-

64 2851 208 2920 πλάσιον
231 2856 323 2919 ἔσται
346 2854 407 2919 τοῦ
430 2847 495 2919 ἀπὸ
518 2854 577 2937 τῆς
599 2854 730 2939 διπλῆς·
760 2847 834 2919 οἷον
863 2855 895 2919 εἰ
915 2850 956 2919 τὰ
979 2851 1076 2919 πέντε

64 2956 291 3027 πενταπλάτιά
314 2959 383 3027 ἐστι
405 2961 467 3026 τοῦ
489 2956 579 3042 ἑνός,
607 2956 663 3024 καὶ
686 2955 727 3025 τὰ
753 2959 833 3026 δέκα
855 2955 895 3026 τὰ
918 2957 1076 3025 διπλάσια

63 3068 133 3131 τών
157 3065 254 3133 πέντε
276 3062 503 3133 πενταπλάσια
523 3067 615 3131 ἔσται
633 3067 702 3132 τών
721 3063 784 3131 δύο
803 3066 871 3132 τών
891 3068 1076 3132 διπλασίων

63 3195 126 3237 του
150 3170 233 3251 ἑνός.
1095 3192 1130 3242 26

139 3388 182 3436 τι.
203 3380 251 3435 Vb.
315 3386 357 3437 ιι.
377 3377 426 3436 Vb.
491 3387 533 3437 ιε.
552 3378 618 3450 Vbq
632 3382 699 3451 (1²¹).
758 3386 800 3439 ιο.
820 3380 909 3451 q(P²)
965 3387 1007 3437 ιο.
1027 3380 1076 3436 Vb.

103 3459 145 3508 61.
164 3450 229 3522 qu
244 3450 311 3522 (1³¹).

67 3590 279 3602 “—

139 3671 164 3720 7.
187 3665 252 3737 τοῦ]
276 3681 330 3722 om.
350 3682 387 3751 q„
470 3670 511 3719 13.
535 3664 637 3719 τοῦ-
659 3670 700 3718 14.
724 3659 956 3736 ἐγγραφομένου]
975 3665 1079 3790 roten

67 3735 130 3791 add.
152 3736 185 3792 V.
260 3741 301 3790 17.
320 3733 459 3808 MN,
483 3737 537 3790 ΩΑ
555 3753 582 3804 q.
655 3739 708 3790 ΧΑ
727 3753 754 3804 q.
829 3741 870 3792 18.
889 3736 959 3791 Post
994 3733 1078 3792 έναι.

65 3824 160 3880 butt.
180 3825 212 3881 v.
284 3826 339 3880 οι
359 3843 386 3894 q.
458 3828 513 3879 αι
532 3842 558 3893 q.
625 3829 668 3880 ιι.
688 3819 755 3896 ιιι]
775 3810 881 3898 βοτη.
899 3824 1025 3880 οιᾱν.
