2414 4236
224 494 381 549 scnom
398 497 439 549 m
454 497 732 549 ωωιωωανοιιοιι
749 499 890 551 mmm
902 500 924 553 1.
1012 488 1078 563 163

58 633 219 722 ισότητας
233 634 423 722 τριγώνων,
442 634 553 724 ῶσπερ
572 637 628 704 καὶ
646 638 699 705 ἐπὶ
717 642 776 724 τῆς
795 637 948 724 ἰσότητος
966 641 1078 708 ἐποίει.

59 742 127 808 δύο
145 741 209 827 γάρ
227 738 440 829 ἀποθέμενος
457 746 605 828 τρίγωνα
624 743 686 810 δύο
705 743 851 828 πλευρὰς
870 753 943 823 ἴσας
959 749 1077 829 ἔχοντα

60 847 221 930 ἑκατέραν
243 846 382 936 ἑκατέρᾳ
398 847 462 933 τὴν
479 845 566 935 πρὸς
582 850 622 935 τῇ
641 858 774 935 κορυφῇ
794 854 923 934 γωνίαν
943 846 1077 936 ὁτὲμὲν

60 960 143 1038 ίσην
159 954 197 1021 ἐν
215 950 419 1040 ἀμφοτέροις
436 958 577 1038 τίθεται,
601 953 656 1022 ὁτὲ
675 952 713 1021 δὲ
731 952 864 1040 ἀνισον,
883 955 939 1022 καί
956 960 997 1045 τῇ
1016 957 1078 1043 μὲν

60 1057 191 1145 ίσότητι
213 1057 336 1146 ταύτης
359 1060 526 1146 ἑπομένην
548 1062 652 1140 ἔδειξε
674 1059 737 1146 τὴν
761 1058 897 1147 ἰσότητα
924 1065 991 1130 τῶν
1019 1064 1076 1148 βά-
1113 1089 1129 1138 5

57 1187 157 1235 σεων.
194 1163 356 1246 ὡσαύτως
376 1167 432 1234 καὶ
455 1170 495 1254 τῇ
518 1170 588 1234 τῶν
605 1165 740 1252 βάσεων
758 1165 886 1253 ίσότητι
906 1170 1077 1236 δείκνυσιν

57 1270 324 1341 ἀκολουθοῦσαν
349 1271 411 1359 τὴν
434 1275 503 1341 τῶν
527 1274 564 1341 ἐν
582 1287 654 1352 ταῖς
671 1286 837 1359 κορυφαῖς
854 1277 989 1359 γωνιῶν
1008 1273 1078 1342 ίσό-

57 1404 144 1465 τητα
168 1378 225 1447 καί
253 1381 296 1467 τῇ
323 1375 496 1464 ἀνισότητι
524 1377 586 1464 τὴν
615 1376 805 1464 ἀνισότητα.
848 1383 949 1447 τοῦτο
978 1378 1015 1447 δὲ
1038 1379 1076 1448 τὸ

59 1482 227 1570 θεῶρημα
239 1481 467 1571 ἀντίστροφόν
482 1487 551 1552 ἐστι
570 1489 631 1552 τοῦ
651 1483 697 1552 δ’·
721 1487 829 1553 ἐκεῖνο
844 1484 984 1572 μὲνγὰρ
1004 1493 1078 1566 ίσας

58 1588 209 1658 ὑπέθετο
220 1588 279 1670 τάς
295 1588 379 1678 πρὸς
397 1604 470 1669 ταῖς
487 1604 652 1677 κορυφαῖς
669 1595 738 1659 τῶν
751 1590 926 1678 τριγώνων
941 1598 1076 1678 γωνίας,
1097 1616 1129 1667 10

57 1699 164 1765 τοῦτο
192 1695 229 1765 δὲ
261 1695 415 1782 ἀνίσους,
447 1694 582 1764 κάκεῖνο
618 1696 680 1783 μὲν
712 1705 786 1776 ίσας
813 1696 992 1766 άπεδείκνν
1019 1696 1078 1779 τάς

56 1801 191 1889 βάσεις,
217 1814 319 1872 τοῦτο
342 1802 379 1871 δὲ
403 1799 527 1890 ὁμοίως
549 1817 622 1882 ταῖς
644 1809 782 1888 γωνίαις
805 1801 954 1885 ἀνίσους.
999 1830 1076 1893 προ-

56 1922 189 1996 ηγεῖται
215 1910 255 1979 δὲ
282 1914 344 1978 τοῦ
372 1911 491 1996 ἐφεξῆς
519 1908 744 1995 θεωρήματος.
790 1912 898 1979 ἐκεῖνο
926 1911 1075 2000 μὲνγὰρ

59 2013 127 2082 ἀπὸ
144 2018 215 2085 τῶν
233 2016 367 2102 βάσεων
386 2018 439 2083 ἐπὶ
453 2014 512 2095 τὰς
531 2021 667 2101 γωνίας,
685 2013 764 2084 καθ’
781 2012 822 2096 ἀς
839 2016 1077 2087 ὑποτείνουσιν

59 2124 101 2188 αι’
120 2120 246 2207 βάσεις,
276 2121 409 2209 μετάγει
431 2120 493 2189 τὸν
520 2133 581 2207 τῆς
608 2120 803 2208 ἀνισότητος
829 2121 948 2208 λόγον,
975 2135 1074 2192 τοῦτο
1097 2149 1128 2198 15

57 2227 99 2296 δὲ
120 2224 292 2297 ἀνάπαλιν
315 2225 381 2296 ἀπὸ
405 2231 474 2296 τῶν
497 2231 631 2313 γωνιῶν
656 2228 709 2295 ἐπὶ
731 2225 790 2306 τὰς
808 2227 922 2313 βάσεις
940 2228 999 2307 τὰς
1015 2226 1073 2297 ὑπ’

57 2331 176 2420 αι’τάς,
200 2331 310 2418 ῶσπερ
331 2325 375 2400 αὖ
393 2331 431 2401 τὸ
450 2335 568 2420 ἐφεξῆς
586 2331 812 2419 ἀντίστροφον
831 2334 893 2419 μέν
908 2335 977 2401 ἐστι
995 2333 1077 2418 πρὸς

57 2445 160 2510 τοῦτο
187 2438 271 2508 κατά
299 2437 359 2508 τόν
389 2441 566 2527 εἰρημένον
598 2438 741 2526 τρόπον,
774 2437 1007 2524 ἀντικείμενον
1039 2439 1077 2506 δὲ

54 2550 105 2639 τῷ
125 2545 159 2632 η’
183 2545 385 2633 θεωρήματι.
430 2546 468 2613 τὸ
493 2545 554 2633 μὲν
577 2545 642 2631 γὰρ
666 2543 732 2613 ἀπό
756 2556 815 2632 τῆς
838 2544 991 2631 ἰσότητος
1008 2549 1076 2613 τῶν

55 2652 193 2739 βάσεων
207 2638 281 2732 ίσας
291 2650 511 2721 ἀποδείκνυσι
525 2650 585 2731 τὰς
593 2654 758 2738 πρὸςταῑς
767 2665 933 2739 κορυφαῖς
941 2656 1075 2739 γωνίας,
1094 2675 1129 2724 20

55 2761 97 2829 τὸ
118 2757 156 2827 δὲ
174 2755 241 2827 ἀπὸ
258 2761 319 2845 τῆς
336 2757 536 2844 ἀνισότητος
553 2761 622 2825 τῶν
637 2756 769 2843 βάσεων
783 2759 839 2826 καὶ
853 2756 911 2838 τάς
924 2759 1076 2846 κορυφὰς

56 2863 202 2945 ἀνίσους
215 2862 404 2951 ἀποφαίνει.
422 2862 541 2932 κοινὸν
554 2863 592 2931 δὲ
602 2878 671 2944 τοῖς
679 2866 868 2951 τέσσαρσιν,
884 2864 1075 2934 ὅτιτούτων

54 2971 100 3039 τά
124 2970 187 3058 μὲν
209 2970 275 3040 δύο
296 2972 374 3056 περὶ
395 2969 435 3039 τὸ
459 2979 536 3039 ἴσον
559 2972 760 3057 στρέφονται
783 2974 820 3039 τὸ
842 2973 1001 3055 τέταρτον
1018 2972 1075 3038 καὶ

54 3076 97 3147 τῶ
120 3077 170 3165 η’,
192 3076 233 3145 τά
257 3077 295 3146 δὲ
318 3076 383 3146 δύο
406 3079 483 3165 περὶ
505 3075 544 3146 τὸ
568 3076 690 3146 ἄνισον
708 3076 809 3145 τοῦτό
829 3103 862 3144 τε
881 3077 937 3144 καὶ
955 3079 993 3144 τὸ
1013 3076 1074 3162 κε’,

53 3184 116 3252 καί
139 3182 203 3252 δύο
226 3183 288 3270 μὲν
310 3180 377 3252 ἀπὸ
403 3187 473 3253 τῶν
499 3187 635 3270 γωνιῶν
662 3182 823 3270 ἀρχονται
851 3181 890 3251 τὸ
917 3184 1074 3269 τέταρτον
1093 3205 1128 3254 25

52 3291 115 3359 καί
136 3288 176 3360 τὸ
198 3294 265 3358 νῦν
286 3295 524 3378 προκείμενον,
552 3289 615 3358 δύο
640 3289 678 3358 δὲ
701 3287 768 3356 ἀπὸ
791 3292 859 3356 τῶν
881 3287 1013 3374 βάσεων
1037 3287 1074 3356 τό

52 3423 92 3466 τε
115 3397 152 3485 η’
170 3396 227 3465 καί
249 3393 287 3465 τὸ
311 3396 371 3465 κε’.
408 3399 463 3464 δεῖ
479 3387 543 3464 οὖν
561 3399 692 3475 τούτοις
710 3409 781 3475 τοῖς
798 3396 955 3482 τέσσαρσι
974 3398 1020 3486 τῷ
1040 3393 1073 3461 δ’

50 3502 113 3574 καὶ
135 3502 173 3591 η’
195 3503 252 3571 καὶ
274 3502 329 3571 κδ’
349 3504 405 3571 καὶ
427 3501 477 3570 κε’
501 3507 582 3570 πάσι
605 3502 643 3570 τὸ
668 3500 726 3582 τάς
750 3501 813 3569 δύο
833 3498 978 3587 πλευρὰς
1002 3509 1075 3580 ίσας

51 3616 145 3699 ἔχειν
163 3622 238 3689 ταῖς
256 3607 320 3677 δύο
338 3616 497 3696 πλευραῖς
515 3609 674 3695 ἑκατέραν
694 3609 844 3699 ἑκατέρᾳ·
867 3609 996 3674 τούτων
1009 3606 1074 3692 γὰρ

124 3778 153 3829 ε.
173 3766 238 3842 ὅτι]
257 3763 275 3823 ὅ
292 3752 320 3835 λ’
333 3768 367 3824 v.
458 3774 483 3824 4.
509 3768 584 3840 ωηο]
602 3766 717 3824 Proclus
736 3786 764 3839 p.
784 3773 850 3837 εει,
870 3772 918 3834 1⁹³
942 3782 1000 3823 om.
1016 3764 1079 3835 Vq.

86 3850 134 3903 22.
153 3841 210 3917 τῷ]
228 3834 263 3896 τό
281 3838 339 3910 Vq.

873 3936 933 3996 ss*
