2414 4236
354 561 624 614 PROLEGOMENA
644 562 794 615 CRITICA.
1023 559 1084 615 XCI

140 699 268 754 Uidimus
286 699 353 770 iam,
372 700 459 756 etiam
473 718 507 756 ex
520 701 584 756 aliis
597 701 758 758 auctoribus
768 701 916 758 Elementa
929 704 1083 759 nitentibus

64 781 223 850 aliquando
246 778 383 834 auxilinm
410 780 472 850 peti
494 797 585 850 posse.
623 781 789 850 colligamus
817 781 906 851 igitur
933 800 988 838 uno
1011 784 1083 853 loeo,

68 876 140 928 quae
160 858 315 914 eiusmodi
333 859 439 928 passim
461 860 491 914 in
512 861 588 916 notis
611 860 776 927 adtulimus,
805 864 835 915 et
857 876 875 913 6
893 861 992 917 Proolo
1011 865 1082 918 teste

68 938 449 1018 ιττρέέρζὶρτίιτὶντττ

92 1019 94 1022 ’
140 1020 255 1073 6666161
277 1016 377 1088 igitur,
407 1019 538 1075 Proelum
561 1021 608 1077 uel
631 1019 743 1076 eodiees
766 1022 814 1076 661
832 1021 902 1076 61166
920 1023 1013 1079 fontes
1033 1025 1082 1080 ha·

69 1097 178 1164 661666,
197 1098 272 1153 ande
290 1098 453 1167 adpareret,
476 1101 625 1156 nonnullas
644 1097 744 1162 κοινὰς
763 1097 876 1162 ἐννοίας
895 1100 1003 1169 spurias
1021 1120 1082 1158 esse

68 1181 106 1248 (n.
127 1196 155 1248 p.
178 1176 251 1248 XO);
279 1177 366 1233 etiarn
389 1179 464 1246 quod
488 1180 681 1236 definitionem
705 1178 844 1248 segmenti
863 1179 1082 1250 6611111166,

67 1257 258 1324 demonstrat,
280 1275 344 1313 eum
368 1257 461 1314 fontes
483 1258 611 1327 puriores
633 1258 715 1312 nobis
733 1257 875 1313 habuisse.
912 1258 1008 1326 itaque
1027 1278 1083 1315 non

66 1338 121 1404 est,
141 1353 190 1390 our
207 1335 348 1405 miremur,
367 1355 431 1392 eum
445 1337 531 1392 etism
544 1336 575 1390 in
589 1337 601 1389 l
620 1337 674 1391 def.
687 1343 719 1392 16
734 1339 832 1392 uetera
844 1337 896 1391 illa
909 1338 1084 1408 glossemata

67 1407 85 1483 ἣ
106 1419 236 1471 καλεῖται
253 1416 422 1486 περιφέρεια
440 1436 467 1487 p.
488 1424 518 1484 4,
540 1424 572 1471 10
597 1417 626 1470 61
648 1417 719 1486 πρὸς
736 1413 789 1486 τὴν
805 1418 856 1472 τοῦ
875 1414 979 1472 κύκλου
1004 1438 1082 1488 περι·

67 1493 188 1564 φέρειαν
206 1514 233 1566 p.
253 1503 278 1563 4,
300 1503 332 1550 12
352 1497 496 1563 omittere,
520 1497 593 1551 sieut
611 1496 704 1551 fontes
723 1497 773 1552 alii
792 1497 988 1565 antiquissimi,
1008 1499 1128 1572 QL-

64 1577 142 1645 (eum
156 1575 233 1644 prius
247 1574 388 1644 glossema
400 1577 542 1644 habuisse,
561 1594 626 1646 non,
645 1579 678 1632 ut
691 1579 777 1632 antea
789 1576 896 1646 putaui,
916 1593 950 1631 ex
963 1577 1082 1633 Heronis

66 1655 122 1710 des.
142 1660 176 1709 29
195 1672 247 1724 pro
266 1657 344 1710 eerto
362 1656 493 1711 eonelndi
511 1657 629 1726 petest),
655 1655 777 1722 Taurus,
796 1654 896 1710 Sextus
914 1655 936 1708 E
989 1657 1038 1711 'ie
1060 1677 1081 1724 s,

64 1733 126 1789 alii
154 1735 252 1804 itaque
267 1736 355 1790 etiam
368 1737 445 1805 alibi,
458 1737 509 1792 ubi
523 1737 638 1805 omittit,
653 1729 837 1805 qu‘ffe‘offifies
851 1736 961 1790 codices
976 1737 1082 1804 tenent,

66 1815 186 1871 fortasse
205 1816 232 1870 si
251 1814 500 1886 obtemperandum
520 1819 571 1884 est,
591 1817 670 1871 uelut
687 1816 717 1870 in
735 1812 867 1884 ἀλλήλαις
884 1814 897 1868 I
915 1834 942 1886 p.
959 1822 1001 1884 20,
1017 1822 1041 1882 3,
1052 1821 1081 1880 6,

65 1902 109 1963 22,
127 1901 169 1963 19,
184 1902 231 1962 21,
252 1900 356 1963 68,17,
376 1902 418 1965 70,
433 1902 481 1964 21,
500 1897 530 1950 16
549 1893 670 1965 ἑκατέρα
690 1892 810 1971 ἑκατέρᾳ
829 1914 857 1964 p.
878 1902 920 1963 16,
941 1901 986 1962 16,
1007 1902 1049 1962 62,
1065 1902 1081 1950 7

64 1976 127 2045 (cfr.
147 1994 174 2045 p.
190 1981 233 2041 66,
249 1978 306 2044 16),
326 1976 356 2029 16
376 1971 450 2031 ἐστίν
470 1995 496 2047 p.
512 1982 537 2042 6,
551 1983 586 2030 20
605 1974 682 2031 etin
700 1975 798 2045 primis
817 1995 843 2046 p.
861 1983 902 2045 10,
920 1983 962 2047 11,
980 1977 1010 2031 16
1028 1973 1081 2032 δύο

66 2073 93 2124 p.
108 2061 135 2122 8,
151 2060 184 2108 17
204 2055 261 2124 (Ρ),
281 2060 323 2122 60,
339 2061 364 2122 6,
382 2062 457 2122 τρεῖς
474 2074 503 2125 p.
518 2062 561 2123 76,
577 2062 619 2124 17,
637 2056 667 2109 16
687 2057 738 2109 καί
752 2074 780 2125 p.
796 2061 839 2124 92,
854 2062 883 2122 9,
903 2063 945 2123 94,
961 2063 985 2112 6.
1012 2057 1081 2112 alibi

64 2152 161 2189 rursus
180 2133 284 2189 iniuria
302 2133 409 2203 aliquid
429 2134 534 2203 omisit,
552 2136 632 2190 uelut
649 2154 676 2205 p.
695 2142 719 2202 6,
741 2141 773 2189 10
793 2137 903 2204 (eontra
921 2137 1080 2206 Heronem),

64 2232 92 2284 p.
109 2220 152 2281 70,
168 2221 215 2282 21,
234 2215 270 2270 de
288 2231 316 2282 p.
331 2219 374 2282 62,
391 2218 424 2268 16
443 2214 553 2279 (166116,
572 2233 598 2284 p.
617 2219 721 2282 10,10,
743 2219 845 2281 14,16;
865 2221 971 2283 2614,
991 2224 1034 2283 66,
1050 2224 1079 2283 6,

63 2300 108 2360 64,
130 2301 163 2349 13
182 2312 240 2350 666
258 2297 315 2362 661,
338 2311 388 2349 our
406 2310 424 2347 6
442 2293 582 2364 scriptura
600 2292 730 2348 eodionm
747 2293 924 2347 discedamus
944 2297 973 2349 et
991 2296 1079 2365 serip-

64 2379 159 2428 turam
179 2372 272 2430 Procli
294 2371 462 2442 recipiamus
485 2390 576 2441 neque
600 2391 649 2444 per
672 2388 702 2426 ss
725 2388 815 2441 neque
839 2371 899 2428 ulla
922 2377 1081 2430 constantia

64 2452 272 2523 discrepantiae
291 2452 553 2508 commendabilem.
584 2452 608 2506 si
627 2450 705 2507 loeos
724 2468 809 2521 snpra
822 2451 933 2507 adlatos
948 2454 1080 2523 excipies,

66 2549 137 2601 qnos
164 2532 284 2588 fortasse
312 2547 346 2586 ex
374 2530 469 2600 611666
497 2533 576 2586 16616
604 2530 737 2598 6611666,
771 2532 851 2586 66161
879 2533 1080 2589 commentario

66 2611 234 2679 uetustiore,
257 2611 414 2681 desumpsit
430 2610 558 2679 Proelns,
582 2610 672 2666 codex
694 2611 754 2665 eius
777 2627 834 2665 non
853 2611 977 2682 optimus
996 2613 1080 2669 fnisse

64 2691 196 2759 uidetur,
228 2691 371 2746 interdum
399 2692 475 2745 enim
503 2708 566 2746 eum
595 2691 781 2746 deterioribus
808 2691 912 2746 nostris
940 2693 1082 2748 consentit

66 2773 143 2840 (enm
158 2770 210 2826 BV
228 2770 259 2825 in
276 2787 369 2826 errore
389 2773 487 2841 aperto
506 2790 533 2841 p.
549 2778 574 2839 6,
588 2776 614 2835 2,
634 2771 729 2825 cumb
748 2790 775 2841 p.
791 2777 816 2834 6,
831 2778 855 2839 0,
875 2776 918 2841 64,
933 2780 959 2842 3,
978 2791 1040 2828 666
1056 2773 1081 2826 V

66 2870 94 2921 p.
114 2857 158 2919 64,
177 2858 207 2920 4,
227 2856 272 2918 66,
284 2857 340 2929 11,
359 2851 409 2906 eir.
424 2870 452 2921 p.
468 2859 492 2919 6,
514 2856 617 2917 12,13,
637 2856 681 2919 42,
701 2854 727 2919 6)
746 2867 797 2905 666
815 2850 1033 2921 interpolatione
1052 2853 1081 2907 in

65 2930 171 2987 nostris
179 2948 236 2986 non
245 2931 329 2985 obuia
339 2948 453 3000 prorsus
463 2930 554 2985 libera
561 2929 674 2985 uidetur
683 2930 769 2985 161666
782 2932 819 3001 (n.
830 2950 856 3001 p.
868 2937 892 3001 6,
903 2938 931 2999 3,
947 2938 990 3000 36,
1001 2932 1079 3003 6**),

65 3017 159 3078 461,
188 3015 231 3078 66,
251 3017 281 3076 6,
310 3016 420 3079 1666,
450 3017 510 3078 ros,
529 3016 570 3081 6),
599 3011 685 3065 eriam
709 3010 835 3066 definitio
858 3031 885 3082 p.
905 3018 929 3079 e,
951 3018 1027 3067 1-s
1052 3017 1081 3069 ss

63 3089 252 3160 συμπέρασμα
271 3089 391 3144 alterum
414 3109 442 3160 p.
462 3097 504 3159 12,
527 3096 630 3146 16-17
653 3090 798 3145 subditiuo
820 3090 964 3159 uidentur,
993 3094 1023 3145 et
1046 3093 1080 3147 de

64 3250 169 3320 quibus
188 3265 214 3302 n.
229 3247 355 3317 LXXXI)
374 3249 456 3304 rebus
475 3265 532 3304 non
550 3249 748 3306 demonstratis
766 3248 818 3312 611,
835 3249 934 3304 661661
947 3249 973 3302 ll
986 3268 1012 3319 p.
1028 3255 1080 3304 346

63 3326 133 3390 not,
154 3337 275 3390 quaeum
295 3319 414 3375 conferri
431 3321 534 3390 potest,
553 3321 628 3389 quod
647 3321 732 3376 etiam
747 3317 778 3374 in
791 3318 825 3386 X,
841 3325 856 3373 6
871 3339 898 3389 p.
914 3325 956 3386 18,
971 3327 986 3373 3
1001 3338 1080 3375 usur·

85 3390 362 3459 616671166120,
386 3406 557 3460 quamquam
579 3391 608 3446 in
628 3408 661 3447 66
680 3406 791 3460 666666
811 3392 845 3444 de
863 3391 1000 3458 numeris,
1023 3407 1079 3445 non

61 3412 99 3518 de
117 3462 228 3518 6611616
247 3459 350 3542 agitur.

135 3535 163 3603 *)
182 3533 243 3588 1166
261 3535 305 3587 ria
322 3549 375 3586 nee
393 3531 457 3586 dieo
476 3549 528 3587 nee
546 3532 612 3600 dixi,
632 3531 709 3587 6116
722 3533 810 3587 uerba
824 3531 917 3586 Proeli
931 3532 1079 3587 iurandum

63 3621 125 3661 esse
149 3605 275 3669 616666,
304 3604 354 3658 666
377 3601 560 3673 praecipuum
583 3621 646 3659 eum
670 3604 746 3671 dieo,
770 3603 1079 3673 661666661611116-

64 3677 224 3731 mentorum
253 3677 330 3729 loeos
358 3673 465 3730 citauit.
507 3675 581 3742 quod
604 3673 825 3730 Weissenbornii
850 3690 935 3728 eausa
960 3675 1077 3745 (Philol.

63 3745 130 3803 Ana
150 3745 202 3803 XV
221 3764 249 3829 p.
268 3751 303 3800 40
314 3748 366 3814 66.)
386 3761 494 3801 moneo.

121 3817 164 3890 ”)
193 3816 248 3872 Hie
270 3817 438 3887 scripturam
463 3815 591 3872 eodioum
616 3816 764 3871 confirmat
790 3816 817 3869 ΙΙ
839 3833 866 3886 p.
888 3823 953 3888 176,
977 3823 1011 3871 20
1035 3817 1080 3886 (16

66 3889 140 3945 66116
159 3889 220 3946 erit.
240 3887 334 3945 neseio
354 3905 409 3956 qno
427 3905 520 3943 errore
540 3888 626 3943 eitani
645 3905 672 3957 p.
692 3892 753 3952 236,
774 3891 825 3956 17).
