2414 4236
142 513 187 578 22
511 517 713 572 mom
729 513 781 573 ιδ’.

143 667 211 730 ΗΘ
232 669 293 744 τῆς
314 663 387 746 ΘΓ,
409 655 447 726 τὸ
470 653 537 728 ὑπὸ
561 666 638 746 ΑΖ,
656 665 726 729 ΗΘ
747 662 892 730 διπλοῦν
913 662 984 730 ἐστι
1005 663 1067 730 τοῦ
1088 657 1148 728 ύπὶ

147 774 222 851 AZ,
240 769 311 835 ΘΓ.
347 763 411 833 δύο
435 763 502 853 ἄρα
524 763 566 833 τὰ
587 763 656 835 ὑπὸ
674 774 751 851 AZ,
769 770 836 835 ΘΓ
853 774 911 836 ἰσα
933 767 1003 836 ἐστὶ
1023 776 1071 859 τῷ
1088 763 1155 835 ὑπὸ

146 882 221 959 AZ,
246 879 323 941 ΗΘ.
368 871 424 940 καὶ
452 873 532 942 δέκα
559 871 625 961 ἄρα
651 875 693 942 τά
720 870 788 943 ὑπὸ
811 881 893 961 AZ,
915 879 982 944 ΘΓ
1003 881 1061 942 ἰσα
1087 875 1156 942 ἐστὶ

146 981 244 1047 πέντε
267 993 338 1060 τοῖς
360 977 426 1049 ὑπὸ
449 987 532 1063 ΑΖ,
555 986 638 1065 ΗΘ,
665 980 816 1049 τουτέστι
838 978 902 1050 δύο
924 981 1159 1066 πενταγώνοις.

110 1107 126 1155 5
148 1085 231 1156 ώστε
249 1087 347 1156 πέντε
365 1087 406 1156 τὰ
425 1084 492 1156 ὑπὸ
513 1093 588 1171 ΑΖ,
603 1089 670 1154 ΘΓ
683 1094 740 1154 ἰσα
758 1087 850 1155 ἐστὶν
873 1086 926 1155 ἐνὶ
946 1086 1158 1178 πενταγώνφ.

148 1193 304 1274 πεντάκις
322 1194 360 1263 δὲ
377 1194 418 1261 τὰ
438 1190 504 1262 ὑπὸ
518 1201 594 1277 AZ,
608 1199 674 1261 ΘΓ
693 1202 749 1261 ἰσα
769 1193 838 1262 ἐστὶ
855 1198 902 1287 τῷ
915 1191 983 1264 ὑπὸ
997 1202 1071 1282 AZ,
1085 1200 1158 1279 ΘΒ,

147 1303 261 1387 ἐπειδὴ
280 1307 449 1387 πενταπλῆ
470 1300 560 1367 ἐστιν
578 1297 677 1385 ἡΘΒ
695 1303 754 1386 τῆς
766 1307 840 1386 ΘΓ,
862 1301 919 1369 καὶ
936 1299 1054 1370 κοινὸν
1072 1298 1159 1382 ὕψος

148 1409 239 1476 ἐστὶν
266 1405 287 1494 ἡ
318 1415 390 1474 ΑΖ.
441 1403 479 1474 τὸ
506 1403 573 1490 ἄρα
599 1403 665 1476 ύπδ
694 1414 772 1494 AZ,
795 1413 860 1475 ΒΘ
886 1415 963 1477 ἰσον
990 1409 1081 1478 ἐστὶν
1107 1408 1159 1475 ἑνὶ

149 1512 362 1605 πευταγώυφ.

96 1644 129 1694 10
219 1618 349 1688 Τούτου
368 1618 475 1705 δήλου
494 1616 593 1699 ὄντος
610 1623 677 1689 νῦν
691 1622 853 1690 ἐκκείσθω
869 1618 887 1690 ὁ
901 1620 1161 1709 περιλαμβάνων

149 1726 270 1806 κύκλος
291 1724 330 1793 τό
348 1729 464 1794 τετοῦ
483 1727 716 1814 δωδεκαέδρου
734 1726 951 1814 πεντάγωνον
968 1727 1025 1794 καί
1042 1728 1080 1795 τὸ
1099 1730 1160 1793 τοῦ

150 1832 367 1916 εἰκοσαέδρου
376 1837 544 1918 τρίγωνον
556 1836 625 1901 τών
637 1836 685 1914 εἰς
696 1836 759 1920 τὴν
767 1831 875 1921 αὐτὴν
884 1845 1033 1920 σφαῖραν
1048 1834 1161 1917 ἐγγρα-

149 1938 307 2025 φομένων
332 1934 350 2006 ὁ
375 1944 489 2024 ΑΒΓ,
519 1939 576 2007 καί
599 1938 886 2026 ἐγγεγράφθωσαν
911 1943 959 2018 εἰς
979 1939 1039 2006 τὸν
1064 1942 1168 2003 ΑΒΓ

148 2043 273 2113 κύκλον
287 2042 504 2131 πενταγώνου
518 2045 720 2132 ἰσοπλεύρου
733 2046 873 2132 πλευραὶ
888 2049 926 2113 αἰ
937 2053 1009 2129 ΒΑ,
1023 2046 1161 2129 ΑΓ,καί

97 2175 131 2223 15
150 2150 335 2238 ἐπεζεύχθω
350 2148 371 2237 ἡ
384 2157 455 2237 ΒΓ,
469 2153 524 2219 καί
539 2151 692 2239 εἰλήφθω
704 2152 742 2222 τὸ
757 2155 896 2241 κε’ντρου
910 2157 972 2221 τοῦ
985 2152 1111 2220 κύκλου
1124 2151 1161 2218 τὸ

151 2265 190 2342 Β,
209 2257 264 2325 καί
280 2255 346 2324 άπὸ
365 2261 428 2325 τοῦ
442 2267 474 2325 A
493 2259 545 2326 ἐπὶ
563 2258 601 2327 τὸ
622 2267 655 2328 Β
671 2259 855 2346 ἐπεζεύχθω
875 2256 895 2345 ἡ
912 2267 989 2344 ΑΒ,
1005 2260 1060 2326 καί
1076 2261 1164 2344 ε’κβε-

149 2365 290 2453 βλήσθω
306 2365 358 2432 ἐπὶ
371 2362 409 2432 τὸ
426 2371 464 2450 Ζ,
478 2364 534 2432 καὶ
548 2371 632 2434 ἔστω
646 2364 667 2453 ἡ
682 2373 752 2433 ΑΕ
762 2369 821 2451 τῆς
834 2371 907 2432 ΒΗ
919 2368 1031 2450 διπλῆ,
1045 2372 1164 2450 τριπλῆ

152 2472 188 2541 δὲ
211 2468 232 2556 ἡ
253 2475 323 2539 ΚΓ
345 2481 403 2557 τῆς
421 2475 495 2556 ΓΘ,
518 2473 573 2538 καί
596 2470 663 2540 άπὸ
681 2475 743 2538 τοῦ
761 2478 800 2538 Η
813 2475 852 2558 τῇ
872 2479 937 2538 AZ
956 2470 1038 2555 πρὸς
1058 2469 1166 2555 ὀρθὰς

152 2581 249 2668 ἤχθω
274 2576 294 2665 ἡ
318 2583 407 2659 ΗΜ,
430 2576 486 2643 καί
511 2575 726 2663 ἐκβεβλήσθω
751 2573 801 2644 ἐπ’
826 2574 960 2658 εύθείας
983 2574 1004 2663 ἡ
1027 2585 1102 2644 ΗΔ
1125 2581 1164 2664 τῇ

99 2708 134 2754 ‘20
155 2692 241 2753 ΗΜ.
290 2681 459 2768 τριγώνου
482 2679 548 2768 ἄρα
576 2681 777 2770 ἰσοπλεύρου
801 2684 891 2751 ἐστὶν
913 2681 933 2771 ἡ
961 2691 1045 2753 ΔΜ.
1097 2687 1164 2751 ἐπε-

156 2792 351 2875 ζεύχθωσαν
365 2790 402 2853 αἰ
415 2798 446 2855 A
451 2797 495 2873 Δ,
511 2795 595 2856 AM.
620 2787 822 2875 ἰσόπλευρον
837 2788 901 2876 ἄρα
917 2791 985 2859 ἐστί
998 2787 1035 2858 τὸ
1052 2799 1084 2857 A
1090 2801 1123 2856 Δ
1129 2797 1172 2857 Μ

155 2901 330 2981 τρίγωνον.
376 2894 431 2961 καί
456 2895 526 2962 ἐπεὶ
548 2891 586 2963 τὸ
615 2895 677 2981 μὲν
705 2894 771 2964 ὑπὸ
795 2904 881 2981 ΑΗ,
905 2904 966 2964 ΘΒ
994 2905 1070 2964 ἰσον
1098 2897 1166 2963 ἐστὶ

156 3006 200 3093 τῷ
225 2998 440 3092 πενταγώνφ,
463 2998 500 3067 τὸ
526 2999 563 3068 δέ
586 2998 651 3069 ὑπὸ
673 3008 783 3069 ΑΗΔ
805 3006 850 3094 τῷ
866 3008 986 3070 AAM
1003 3001 1167 3089 τριγώνῳ,

158 3113 248 3176 ἔστιν
272 3106 337 3193 ἄρα
362 3105 407 3187 ώρ
429 3106 466 3175 τὸ
490 3104 556 3176 ὑπὸ
580 3116 666 3193 AH,
690 3116 753 3177 ΘΒ
780 3106 864 3195 πρὸς
891 3107 929 3176 τὸ
957 3104 1023 3175 ὑπὸ
1048 3115 1167 3192 ΔΗΑ,

105 3238 140 3286 ει»
160 3211 266 3293 οὕτως
292 3211 330 3282 τὸ
358 3212 575 3300 πεντάγωνον
602 3213 686 3301 πρὸς
713 3213 752 3282 τύ
779 3222 954 3303 τρίγωνον.
1001 3212 1046 3294 ὡς
1069 3214 1106 3282 δὲ
1129 3214 1167 3282 τὸ

231 3382 253 3428 1.
273 3369 317 3443 τά]
338 3373 386 3428 καλ
404 3371 435 3427 τό
456 3374 489 3427 V.
561 3378 611 3427 ΛΖ
630 3404 662 3414 -
683 3380 708 3428 2.
727 3370 761 3428 τά
782 3369 852 3445 had]
875 3391 929 3429 om.
949 3375 978 3428 P.
1054 3381 1076 3428 1.
1098 3375 1169 3445 ΗΘ]

157 3461 227 3500 corr.
246 3443 275 3498 in
296 3446 356 3499 ΘΗ
373 3461 408 3498 m.
431 3452 443 3498 1
465 3445 501 3510 V3
521 3445 585 3500 dein
605 3445 667 3501 add.
687 3441 752 3514 ἄρα.
819 3442 894 3499 ἐστιν
913 3445 943 3499 Β.
1007 3445 1071 3515 τοῦ]
1091 3444 1123 3498 τό
1139 3446 1169 3498 Β.

193 3522 219 3570 2.
243 3511 277 3568 τά
297 3512 354 3570 ὑπὸ
374 3520 435 3582 ΑΖ,
457 3517 527 3588 ΘΓ]
552 3534 605 3571 om.
625 3516 662 3572 M.
736 3512 812 3584 ἐστί]
838 3511 896 3570 ἐστὶ
915 3511 962 3569 ἕνί
976 3534 1007 3581 v,
1032 3511 1107 3570 ἐστὶν
1127 3509 1174 3568 ἔνι’

160 3584 247 3640 PBV.
322 3593 346 3641 δ.
368 3587 438 3659 ΗΘ]
461 3589 520 3642 ΘΗ
536 3586 647 3642 PBVv.
706 3587 780 3708 καί]
792 3602 846 3640 om.
864 3584 921 3639 Vv.
980 3583 1065 3656 δέκα]
1086 3587 1170 3638 δεκα-

158 3656 243 3711 τιέντι
264 3675 288 3711 v.
376 3658 424 3712 καλ
443 3657 513 3714 δέκα
533 3689 565 3698 -
586 3653 648 3713 ἐστί
685 3674 738 3712 om.
787 3655 817 3708 Β.
900 3661 925 3710 4.
948 3653 1050 3727 πέντε]
1071 3672 1124 3709 om.
1144 3676 1170 3712 v.

194 3724 269 3799 ὑπό]
295 3724 353 3782 άπύ
372 3730 410 3784 Μ.
482 3728 674 3784 τουτέστιν.
746 3722 914 3794 πεντάγωνοι
933 3725 987 3782 Bv.
1060 3733 1085 3780 ὁ.
1109 3731 1130 3779 Α
1138 3731 1158 3781 Z

159 3810 213 3863 ΑΘ
231 3803 289 3858 PB.
347 3802 418 3871 ΘΓ]
440 3804 495 3857 ΖΗ
513 3799 543 3854 Ρ.
599 3793 786 3881 δ.τά]τόΡ.
841 3791 1040 3867 ύτιὸ]άπόΜ.
1096 3793 1157 3852 ἐστι’

57 3890 132 3999 ἱ
144 3874 229 3933 ἐστίν
248 3876 305 3930 Βε.
402 3870 468 3943 ΘΒ]
494 3872 547 3925 ΒΘ
568 3868 716 3925 Friedlem.
808 3872 833 3923 7.
860 3868 924 3941 ΘΒ]
949 3871 1002 3924 ΒΘ
1021 3869 1171 3925 Friedlein.
