2414 4236
223 496 436 549 senonum
453 497 728 549 ELEMENTORUM
745 498 885 549 LIBRUM
898 498 919 550 1.
1008 496 1072 560 145

58 633 103 705 οά
116 635 273 724 τυγχάνει
288 637 461 722 ζητήσεως,
481 629 556 704 οἷον
576 634 618 723 δή
637 634 744 704 καὶτὸ
760 646 825 704 νῦν
839 642 1072 724 προκείμενον·

60 746 200 830 ἐζητεῖτο
223 740 286 830 μὲν
308 742 384 831 γάρ,
407 747 439 810 εί
461 744 524 811 δύο
548 740 693 811 εὐθειῶν
713 753 908 828 τεμνονσων
926 740 1073 830 ἀλλήλας

59 853 98 917 αί
122 847 204 917 κατὰ
227 847 382 936 κορυφήν
405 854 526 935 γωνίαι
550 858 620 916 ῖσαι
643 853 719 916 είσί·
743 848 867 916 τούτου
885 848 923 917 δὲ
943 854 1072 918 δεικνυ-

60 958 166 1044 μένου
193 960 497 1024 σνναποδείκννται
523 954 560 1023 τὸ
587 956 643 1023 καὶ
669 952 728 1034 τάς
755 956 918 1042 τέσσαρας
948 961 1073 1041 γωνίας

59 1061 147 1132 εἶναι
172 1064 329 1150 τέτρασιν
355 1057 478 1147 ὀρθαῖς
505 1069 587 1140 ίσας.
638 1066 729 1128 ἔστιν
759 1053 824 1129 οὖν
855 1058 894 1128 τό
925 1060 1072 1150 πόρισμα
1109 1087 1126 1137 5

57 1168 221 1259 θεώρημα
245 1166 302 1236 διὰ
325 1172 385 1254 τῆς
412 1165 519 1235 ἀλλον
544 1167 778 1256 προβλήματος
806 1163 827 1253 ή
854 1168 1074 1254 θεωρήματος

56 1273 261 1356 ἀποδείξεως
284 1274 563 1363 ἀπραγματεύτως
586 1272 870 1361 ἀναφαινόμενον.
912 1268 985 1340 οἷον
1008 1273 1073 1360 γὰρ

56 1379 141 1448 κατὰ
164 1380 270 1468 τύχην
293 1387 500 1467 περιπίπτειν
524 1383 679 1466 ἐοίκαμεν
701 1394 771 1460 τοῖς
791 1386 1007 1467 πορίσμασιν·
1032 1377 1074 1449 οά

55 1486 126 1574 γὰρ
149 1488 373 1573 προθεμένοις
400 1484 481 1554 οὐδὲ
511 1486 688 1573 ζητήσασιν
716 1485 863 1576 ἀπαντᾷ,
891 1482 963 1554 ἀλλ’
990 1483 1008 1553 ό
1038 1488 1074 1553 ἐν

58 1590 146 1678 ἡμῖν
163 1591 266 1677 πόρος
283 1591 369 1661 αότά
389 1588 570 1681 ἀπογεννᾷ,
588 1593 642 1659 καὶ
661 1589 682 1678 ή
702 1591 842 1678 γόνιμος
861 1592 1003 1678 δύναμις
1016 1595 1075 1677 τῆς
1096 1617 1128 1666 10

58 1701 245 1784 ἐπιστήμης
268 1698 472 1788 προσβάλλει
499 1712 571 1777 ταῖς
600 1699 868 1784 προηγουμέναις
901 1697 1073 1784 ζητήσεσιν

55 1805 222 1890 εὐπορίας
243 1803 422 1890 ἀφθόνους
443 1803 673 1892 θεωρημάτων
696 1801 949 1890 ἀναφαίνουσα,
974 1803 994 1871 ἀ
1018 1805 1074 1871 καὶ

56 1909 173 1999 ἀληθῆ
197 1914 259 1979 τοῦ
281 1914 367 1977 θεοῦ
390 1914 500 1995 δῶρα,
526 1911 582 1977 καὶ
610 1906 672 1997 οὐχ
702 1904 757 1978 οἷα
780 1908 821 1977 τά
844 1914 994 1998 χαμερπή
1018 1911 1074 1977 καὶ

57 2017 137 2102 περὶ
158 2012 180 2082 ἀ
202 2018 238 2082 οί
253 2015 373 2082 πολλοὶ
391 2014 568 2099 ἐπτόηνται
586 2017 698 2100 κε’ρδη,
723 2013 807 2082 ὅθεν
826 2014 911 2083 αάτά
930 2017 985 2083 καί
1005 2030 1075 2095 τοῖς

58 2123 211 2208 ἑρμαίοις
225 2122 413 2207 είκάσαμεν.
446 2124 655 2207 διαιροῦνται
674 2122 712 2189 δὲ
730 2123 770 2188 τὰ
788 2128 976 2208 πορίσματα
993 2121 1076 2190 κατὰ
1097 2146 1129 2196 15

55 2226 122 2307 τὰς
144 2227 334 2314 ἐπιστήμας·
372 2229 412 2295 τά
434 2227 496 2314 μὲν
519 2230 583 2314 γὰρ
607 2224 720 2294 αὐτῶν
744 2232 809 2294 είσι
832 2227 1011 2313 γεωργικά,
1035 2228 1075 2296 τά

56 2332 99 2402 δὲ
123 2331 344 2422 ἀριθμητικοί,
372 2333 411 2401 τά
435 2333 472 2402 δὲ
495 2333 707 2421 γεωμετρικά.
753 2331 790 2401 τὸ
816 2334 878 2419 μὲν
905 2332 970 2420 γὰρ
998 2359 1076 2418 προ-

58 2446 219 2527 κείμενον
245 2439 467 2526 γεωμετρικόν
497 2443 601 2526 ἐστιν,
630 2438 667 2507 τὸ
697 2438 734 2507 δὲ
763 2440 815 2507 ἐπὶ
843 2440 929 2506 τέλει
956 2444 1017 2506 τοῦ
1041 2438 1075 2524 β’

55 2546 281 2634 θεωρήματος
307 2551 369 2614 τοῦ
398 2546 425 2628 ζ’
450 2552 585 2632 βιβλίου
614 2551 682 2615 τῶν
712 2544 945 2631 ἀριθμητικῶν
977 2548 1077 2613 ἐστιν.

57 2656 200 2724 ἕπονται
215 2651 253 2721 δὲ
266 2653 307 2721 τὰ
322 2660 509 2740 πορίσματα
522 2653 578 2720 καὶ
591 2655 820 2739 θεωρήμασιν,
840 2650 950 2740 ὥσπερ
965 2657 1077 2737 τοῦτο,
1096 2674 1132 2723 20

54 2760 118 2829 καί
140 2763 381 2848 προβλήμασιν,
405 2758 514 2841 ὥσπερ
537 2760 575 2827 τὸ
595 2762 695 2850 ἐντῷ
714 2759 748 2844 β’
767 2765 887 2850 βιβλίῳ
906 2766 1077 2847 κείμενον·

58 2872 111 2935 ἔτι
140 2867 505 2952 σνγκατασκευάζονται
531 2879 602 2944 ταῖς
629 2863 700 2932 κατ’
729 2862 868 2933 εὐθεῖαν
902 2868 1079 2945 δεικτικοῖς

57 2972 216 3061 ἐφόδοις,
249 2971 359 3057 ὥσπερ
386 2975 425 3041 τό
455 2976 519 3039 νῦν
546 2978 767 3058 προκείμενον
794 2975 833 3059 τῇ
864 2968 914 3037 ἐπ’
942 2970 1078 3050 εὐθείας

58 3081 166 3160 δείξει
184 3081 264 3163 ἐστί,
283 3083 322 3146 τδι
342 3078 378 3147 δὲ
397 3092 469 3158 ταῖς
489 3082 535 3158 είς
554 3076 725 3146 ἀδύνατον
744 3075 948 3161 ἀπαγωγαῖς,
969 3076 1079 3161 ὥσπερ

57 3184 101 3255 τὸ
126 3187 164 3253 ἐν
186 3196 232 3277 τῷ
255 3190 354 3276 τρίτῳ
373 3189 434 3253 τοῦ
456 3184 490 3270 γ’
510 3189 645 3269 βιβλίον
669 3183 1018 3267 συναποδεδειγμένον
1036 3193 1076 3269 τῇ
1096 3200 1132 3248 25

59 3297 111 3372 εἰς
134 3288 305 3359 ἀδύνατον
328 3290 489 3379 ἀπαγωγῇ
515 3289 741 3375 σννανεφάνη.
787 3287 824 3356 τό
850 3289 887 3356 δὲ
912 3293 976 3354 νῦν
999 3309 1079 3372 προ-

58 3403 221 3485 κείμενον
243 3395 392 3483 πόρισμα
415 3396 566 3464 διδάσκει
589 3393 687 3484 ήμάς,
711 3392 762 3463 ὅτι
785 3394 860 3481 περὶ
884 3397 921 3461 ἓν
941 3406 1080 3479 σημεῖον

60 3504 165 3584 τόπος
187 3509 235 3583 είς
257 3504 412 3590 τέτρασιν
436 3501 557 3592 ὀρθαῖς
580 3512 654 3582 ἴσας
677 3506 802 3586 γωνίας
825 3501 1025 3586 διανίμεται.

139 3678 162 3726 1.
187 3669 241 3743 δή]
267 3690 299 3741 q,
323 3671 360 3741 μή
380 3671 429 3727 Vs.
507 3671 539 3724 In
562 3669 649 3725 schol.
675 3675 708 3724 61
733 3669 845 3739 saepius
868 3670 897 3723 in
917 3667 942 3723 V
965 3666 1082 3722 lacunae

64 3769 141 3837 sunt,
161 3785 235 3839 quas
253 3786 269 3823 ο
288 3787 307 3838 q
326 3767 463 3839 suppleuL
537 3773 580 3822 25.
599 3766 694 3840 τρίτῳ]
714 3749 766 3833 τρί’
775 3766 808 3833 V,
827 3762 922 3841 τρόπῳ
937 3784 966 3837 η,
984 3762 1086 3840 κρότῳ

65 3840 181 3897 Ρτοολιιι
199 3858 228 3910 p.
248 3844 309 3907 30⁴,
328 3846 353 3894 6.

118 3937 265 3985 naaman,
284 3936 333 3977 odd
347 3936 450 3986 Ησίῖοτς
463 3941 487 3978 οῖ
499 3938 589 3990 Moneo,
616 3941 643 3983 V.
902 3940 940 3994 ιο
