2414 4236
222 486 378 538 SCHOLIA
397 487 436 539 IN
454 485 727 537 ELEMENTORUM
744 485 883 537 LIBRUM
896 485 932 538 11.
1018 483 1084 546 243

68 623 219 711 τετράκις
241 622 306 692 ὑπὸ
331 629 390 711 τῆς
414 623 494 712 ὅλης
515 625 571 692 καὶ
595 622 671 704 ἑνὸς
688 628 757 692 τών
775 623 967 712 τμημάτων,
989 650 1084 692 τουτ-

69 725 199 818 έστιῖβ,
215 732 267 800 έπλ
282 722 303 797 ὅ
318 735 471 817 γίνονται
485 737 537 817 μη.
562 740 665 797 ταῦτα
680 730 829 817 τετράκις
842 737 994 817 γίνονται
1008 724 1082 820 ff.

67 835 149 924 μετά
167 840 229 905 τοῦ
254 834 320 906 άπὸ
342 847 404 904 τοῦ
422 840 543 904 λοιποῦ
560 834 730 922 τμήματος
746 835 969 925 τετραγώνου,
991 863 1084 906 τουπ·

67 944 159 1012 έστιν
182 955 204 1030 ἦ
228 943 281 1011 ἐπὶ
298 955 337 1031 η,
360 949 513 1028 γίνονται
538 934 588 1023 {S
627 938 713 1027 ὁμοῦ
732 947 802 1013 σν-ς.
849 951 926 1011 ἴσον
948 940 1014 1031 άρα
1036 948 1082 1037 τῷ

66 1047 133 1118 άπὸ
162 1054 220 1136 τής
253 1047 347 1135 ὅλης,
377 1049 528 1116 τουτέστι
554 1051 616 1115 τοῦ
643 1039 692 1134 fi,
725 1046 780 1114 καὶ
811 1051 873 1115 τοῦ
905 1052 1083 1138 εἰρημένου
1119 1079 1135 1129 5

65 1155 249 1244 τμήματος,
281 1156 431 1223 τουτέστι
460 1158 522 1222 τοῦ
546 1146 581 1239 δ’,
614 1150 701 1241 ὅμοῦ
726 1159 774 1239 ἶς’,
807 1150 873 1222 άπὸ
901 1159 981 1241 μιᾶς
1004 1153 1081 1224 άνα-

63 1265 227 1352 γραφέντι
245 1260 454 1352 τετραγώνῳ,
477 1261 626 1328 τουτέστι
646 1265 680 1331 ῖς
699 1260 751 1328 ἐπὶ
770 1262 816 1331 ι’ς·
839 1266 992 1347 γίνονται
1005 1267 1082 1332 σ-νς·

65 1366 148 1455 ὅπερ
172 1368 262 1436 ἐστὶν
286 1376 372 1435 ἴσον.
1064 1380 1067 1386 ’

134 1479 186 1544 58.
209 1472 318 1542 Ἔστω
343 1471 402 1560 ὅλη
426 1474 518 1541 ῖκαὶ
540 1473 701 1560 τμηθήτω
726 1477 773 1554 εἰς
797 1479 816 1545 ξ
838 1474 893 1541 καὶ
917 1466 945 1542 ὅ.
983 1477 1080 1561 λέγω,

66 1579 183 1650 ὅτιτὸ
214 1578 280 1648 ὑπὸ
312 1585 371 1666 τής
404 1577 483 1666 ὅλης
509 1580 565 1647 καὶ
592 1578 671 1660 ἓνὸς
697 1585 766 1649 τών
788 1579 969 1668 τμημάτων
992 1606 1081 1669 περι·
1101 1609 1133 1659 10

65 1686 226 1775 εχόμενον
257 1685 473 1774 ὀρθογώνιον
493 1686 573 1773 μετὰ
600 1692 663 1756 τοῦ
688 1686 752 1756 άπὸ
775 1692 837 1756 τοῦ
860 1693 981 1756 λοιποῦ
1003 1688 1081 1776 τμή-

64 1821 169 1881 ματος
190 1793 402 1880 τετραγώνου
430 1802 505 1863 ῑσον
529 1795 598 1862 ἐστὶ
620 1797 667 1885 τῳ
691 1792 758 1862 άπό
780 1821 816 1862 τε
838 1806 898 1882 τῆς
922 1795 1003 1882 ὅλης
1024 1797 1080 1864 καὶ

61 1904 126 1968 τοῦ
145 1902 323 1988 εἰρημένου
345 1899 513 1988 τμήματος
535 1900 730 1993 τετραγώνῳ
756 1898 802 1981 ώς
820 1898 885 1970 άπῦ
905 1906 983 1988 μιᾶς
1001 1900 1080 1970 άνα-

64 2008 238 2093 γραφέντι.
289 2012 358 2075 ἔστι
386 2007 451 2095 γὰρ
478 2005 516 2077 τὸ
548 2007 699 2096 τετράκις
731 2006 797 2076 ῦπὸ
827 2012 887 2094 τῆς
919 2005 998 2095 ὅλης
1024 2010 1080 2077 καὶ

65 2111 143 2192 ἑνὸς
168 2118 238 2182 τών
264 2112 445 2201 τμημάτων
479 2113 716 2202 περιεχόμενον
750 2113 965 2202 ὀρθογώνιον
997 2113 1077 2202 μετά
1100 2140 1132 2190 15

62 2221 124 2287 τοῦ
153 2216 218 2287 άπὸ
247 2224 310 2288 τοῦ
339 2224 459 2288 λοιποῦ
487 2218 656 2307 τμήματος
689 2218 901 2307 τετραγώνου
926 2223 1005 2307 {q}
1041 2220 1080 2290 τὸ

63 2320 130 2394 ὑπὸ
154 2330 213 2411 τῆς
237 2324 318 2413 ὅλης
345 2325 409 2413 γάρ
432 2325 488 2393 καὶ
513 2325 589 2404 ένὸς
611 2328 680 2393 τών
702 2324 881 2412 τμημάτων
907 2318 958 2411 ρξ’
994 2323 1081 2408 ἅπαξ

62 2429 129 2517 γάρ
153 2431 267 2500 ὃεκάκι
292 2423 368 2519 M·
399 2434 547 2521 τετράκις
571 2424 633 2499 οῦν
657 2423 747 2519 μῖρῖ.
798 2429 837 2499 τὸ
862 2429 899 2498 δέ
926 2426 992 2498 άπὸ
1019 2441 1081 2499 τοῦ

64 2541 185 2605 λοιποῦ
220 2538 389 2626 τμήματος
422 2537 633 2626 τετράγωνον
665 2543 719 2608 λξ·
761 2535 869 2619 ἑξάκις
900 2534 965 2625 γὰρ
993 2542 1013 2608 ξ
1040 2541 1080 2607 A&

62 2648 200 2729 γίνεται.
255 2649 295 2716 λξ
323 2636 388 2713 οῦν
413 2644 470 2712 καὶ
491 2635 536 2733 {a}
560 2641 648 2731 ὁμοῦ
675 2649 802 2730 γίνεται
826 2649 898 2731 ρῡῖς.
954 2653 1010 2711 λσα
1042 2642 1080 2711 δέ
1098 2668 1133 2719 20

62 2750 168 2818 ταῦτά
193 2753 261 2819 ἐστι
288 2755 334 2842 τῷ
359 2749 425 2818 άπὸ
447 2762 506 2837 τῆς
530 2749 610 2837 ὅλης
636 2752 776 2819 καὶτοῦ
800 2752 979 2838 εἰρημένον
1000 2748 1080 2836 τμή-

63 2882 167 2943 ματος
204 2854 248 2937 ώς
284 2854 350 2925 άπὸ
383 2861 461 2944 μιᾶς
493 2857 723 2945 ἀναγραφέντι
754 2855 964 2948 τετραγώνῳ·
1009 2876 1079 2924 τεσ-

66 2962 338 3046 σαρεσκαιδεκάκι
366 2962 432 3051 γάρ
460 2967 500 3030 ῖδ
521 2970 587 3051 ῆς
617 2974 766 3032 ποιοῦσι·
803 2964 915 3031 δεκάκι
938 2959 1003 3048 γάρ
1026 2968 1079 3050 ῖρ

133 3137 255 3206 68.Β.Ι
317 3200 320 3207 ,

136 3324 158 3373 1.
178 3317 316 3389 τουτέστι]
335 3313 425 3388 ἤγουν
443 3336 469 3387 q.
542 3323 567 3372 2.
586 3321 695 3387 γίνεται
716 3316 747 3370 V.
816 3317 926 3386 γίνεται
944 3317 977 3373 V.
1051 3323 1076 3372 3.

62 3387 217 3460 τουτέστιν]
236 3384 327 3459 ήγοτν
346 3406 372 3458 q.
454 3396 480 3444 4.
498 3389 639 3460 γίνονται]
659 3406 713 3444 om.
732 3406 760 3458 q.
846 3387 898 3460 τῷ]
916 3385 948 3441 τό
966 3387 1076 3456 Fqu.

99 3468 123 3515 ὁ.
144 3459 283 3533 τουτέστι]
304 3456 393 3530 ήγονν
413 3477 439 3528 q.
525 3458 587 3530 τοῦ]
608 3459 706 3530 (prius)
724 3475 780 3514 om.
797 3457 852 3527 Fb,
871 3459 928 3513 τών
946 3475 973 3527 q.
1051 3467 1076 3514 6.

62 3547 190 3633 τουτέστι
205 3580 238 3636 .-
250 3550 332 3674 μιᾶς]
351 3550 400 3604 τοῦ
416 3539 437 3602 ὅ
453 3543 490 3611 ῦς
507 3543 564 3602 άπὸ
579 3548 651 3637 μιᾶς
665 3543 835 3632 άναγριιφὲη
853 3547 904 3601 τοῦ
919 3551 947 3605 ss
961 3546 999 3619 τῷ
1017 3545 1074 3616 Vq.

98 3640 148 3676 του
181 3640 231 3676 τον
280 3620 306 3675 b.
372 3627 396 3675 7.
415 3617 542 3676 τουτέστι
573 3638 662 3689 ηγονν
681 3636 707 3687 q.
773 3623 797 3673 8.
817 3636 887 3686 οπερ
906 3613 982 3672 ἐστὶν
1001 3617 1074 3690 ἴσον]

61 3708 116 3747 om.
135 3621 193 3762 ὅσ,
214 3686 286 3758 ὅπερ
305 3713 354 3746 ιω
372 3691 403 3745 Ρ.
481 3698 506 3746 9.
527 3616 580 3762 εὸς]
599 3687 675 3745 sen.
756 3695 798 3744 10.
817 3684 862 3760 τό]
882 3689 963 3746 scrib.
983 3683 1015 3742 τὸ
1033 3709 1076 3743 τε·

60 3758 167 3831 τράκις.
251 3768 292 3817 13.
311 3757 530 3833 άναγραφέντος
547 3762 578 3816 Β.
662 3766 704 3816 16.
722 3757 898 3830 τετράγωνον
917 3758 958 3814 B?
1029 3757 1078 3832 τό]

61 3833 146 3890 florib.
164 3830 197 3888 τὸ
216 3831 351 3904 τετράκις.
425 3839 466 3891 22.
486 3829 706 3923 άναγραφάττος
723 3829 905 3906 τετραγώνου
919 3828 961 3890 Β.

880 3924 939 3984 W*
