2414 4236
10 39 1124 255 u

330 456 512 506 Amnon(
532 456 767 508 scnomomm
785 458 821 508 11.
1021 452 1086 518 703

137 599 272 681 μείζονα
286 594 325 662 δὲ
339 595 403 675 ἕξει
416 593 480 682 τήν
494 594 595 681 βάσιν
610 596 727 675 οὕτως·
743 600 826 663 ἴστω
841 593 862 682 ή
877 602 943 662 AB
957 591 1087 680 εύθεῖα,

70 700 128 768 καί
147 699 301 788 εἰλήφθω
316 699 367 769 ἐπ’
384 698 488 787 αὐτῆς
501 700 604 789 τυχὸν
623 714 762 788 σημεῖον
780 701 819 770 τὸ
834 706 873 786 Γ,
892 700 949 768 καί
961 702 1087 788 κέντρῳ

69 806 132 893 μέν
160 811 206 900 τῷ
232 814 276 893 Β,
304 805 502 893 διαστήματι
529 807 567 875 δὲ
589 811 635 898 τῷ
659 813 726 874 BA
752 805 875 885 κύκλος
902 804 1086 892 γεγράφθω

69 909 88 979 ὁ
124 918 246 996 ΑΔΕ,
277 913 403 1001 κέντρῳ
433 911 471 979 δὲ
504 914 550 1002 τῷ
579 917 621 995 Γ,
654 908 852 997 διαστήματι
881 911 920 979 δὲ
951 915 997 1002 τῷ
1026 917 1086 979 ΓΒ

69 1016 191 1096 κύκλος
230 1016 415 1104 γεγράφθω
453 1013 471 1085 ὁ
509 1023 579 1084 ΒΛ
587 1024 635 1101 Ε,
669 1016 727 1083 καλ
763 1018 1014 1104 ἐπεζεύχθωσαν
1051 1020 1089 1084 αί
1123 1039 1140 1089 ο

71 2239 150 2317 ΒΔ,
176 2239 259 2301 ΔΓ·
295 2236 352 2304 καί
381 2239 499 2324 γέγονε
531 2243 699 2324 τρίγωνον
730 2235 768 2306 τὸ
796 2242 894 2306 ΒΓΔ
926 2240 1003 2324 ἕχον
1030 2234 1088 2318 τὰς

70 2337 131 2425 μὲν
160 2345 236 2425 ΒΓ,
260 2348 323 2410 ΓΔ
350 2351 438 2429 ἴσας,
469 2341 531 2432 τήν
560 2344 597 2412 δὲ
620 2352 689 2412 ΒΔ
716 2347 850 2432 μείζονα
874 2352 951 2429 ἴσην
979 2333 1086 2411 οὖσαν

69 2447 110 2532 τή
121 2451 191 2513 ΒΑ.
216 2447 272 2515 καί
285 2448 466 2534 γεγόνασιν
485 2452 640 2536 ίσοσκελή
655 2449 708 2517 έτιῖ
721 2452 780 2536 τής
794 2457 868 2534 ἴσης
885 2453 925 2538 τῇ
945 2452 1085 2536 δοθείσῃ

69 2549 198 2636 βάσεως
229 2549 250 2640 ή
284 2555 336 2622 έιιῖ
359 2558 417 2641 τής
449 2558 609 2641 δοθείσης
640 2551 776 2636 εὐθείας
811 2551 888 2634 ἑνὸς
919 2558 986 2623 τῶν
1021 2553 1084 2623 δύο

71 2665 199 2727 σκελῶν
217 2662 414 2747 γενομένου,
436 2661 499 2748 τήν
521 2659 558 2729 δὲ
576 2660 677 2748 βάσιν
700 2657 817 2748 ἑτέραν
836 2665 965 2747 ἔχοντα,
989 2656 1084 2729 ὅτι...
1105 2681 1139 2732 10

71 2761 109 2829 δὲ
130 2764 247 2848 γέγονε
271 2816 326 2853 ...,
353 2763 392 2836 τὸ
414 2767 583 2849 ἰσοσκελὲς
604 2763 766 2857 ἑκατέρως
794 2768 990 2834 συνέσταται
1017 2772 1085 2852 τρί-

69 2892 191 2953 γωνον.

139 2977 168 3043 8.
209 2973 291 3043 Τινά
314 2980 383 3046 τῶν
405 2975 625 3066 ἀντιγράφων
652 2982 757 3047 ταῦτα
784 2976 872 3064 μόνα
894 2975 934 3044 τὰ
957 2981 979 3063 β
1005 2977 1084 3063 σχή-

72 3105 158 3165 ματα
166 3081 190 3169 ¹)
215 3085 281 3169 ἔχει
308 3085 345 3152 έν
373 3081 439 3175 ὅλῳ
467 3089 514 3175 τῷ
537 3084 590 3158 κς’
614 3083 823 3172 θεωρήματι,
850 3081 906 3150 καί
934 3081 995 3151 οὐκ
1022 3080 1084 3150 άιτ-

71 3185 221 3275 εικότως,
259 3193 333 3257 ἔνια
369 3189 407 3259 δὲ
439 3190 496 3259 διὰ
528 3191 565 3260 τὸ
600 3193 807 3278 σαφέστερον
841 3193 933 3257 ίδίαν
965 3193 1084 3276 ἔχοντα
1104 3213 1139 3264 ισ

144 3367 170 3431 1)
195 3365 271 3430 Quas
295 3365 424 3423 dedimus
441 3368 545 3438 figuras
563 3367 576 3421 I
594 3384 621 3438 p.
641 3373 689 3438 ⁶8,
715 3383 764 3424 eae
786 3369 817 3423 et
833 3366 913 3438 ipsae
931 3365 961 3420 in
980 3384 999 3420 u
1018 3367 1084 3420 sunt

70 3435 125 3490 hoc
145 3436 252 3491 scholio
271 3436 425 3508 adscripto.

142 3619 167 3670 8.
186 3632 205 3669 u
224 3614 272 3685 (οδ
289 3612 312 3682 1,
331 3618 385 3686 λδ).

143 3799 185 3849 16.
205 3793 297 3864 Supra
315 3792 349 3848 δέ
367 3810 419 3850 τοι.
437 3812 468 3864 γε
488 3810 524 3848 m.
540 3798 555 3846 1
574 3811 601 3848 u.
