<?xml version="1.0" encoding="UTF-8"?>
<!DOCTYPE html PUBLIC "-//W3C//DTD XHTML 1.0 Transitional//EN"
    "http://www.w3.org/TR/xhtml1/DTD/xhtml1-transitional.dtd">
<html xmlns="http://www.w3.org/1999/xhtml" xml:lang="en" lang="en">
 <head>
  <title>
</title>
<meta http-equiv="Content-Type" content="text/html;charset=utf-8" />
  <meta name='ocr-system' content='tesseract 3.04.00' />
  <meta name='ocr-capabilities' content='ocr_page ocr_carea ocr_par ocr_line ocrx_word'/>
</head>
<body>
  <div class='ocr_page' id='page_1' title='image "./euclidisoperaom10unkngoog_0489.png"; bbox 0 0 2424 4320; ppageno 0'>
   <div class='ocr_carea' id='block_1_1' title="bbox 127 567 994 632">
    <p class='ocr_par' dir='ltr' id='par_1_1' title="bbox 127 567 994 632">
     <span class='ocr_line' id='line_1_1' title="bbox 127 567 994 632; baseline -0.003 -8"><span class='ocrx_word' id='word_1_1' title='bbox 127 567 193 632; x_wconf 82' lang='lat'><strong><em>358</em></strong></span> <span class='ocrx_word' id='word_1_2' title='bbox 271 568 428 621; x_wconf 75' lang='lat' dir='ltr'><strong>scnomA</strong></span> <span class='ocrx_word' id='word_1_3' title='bbox 445 568 486 619; x_wconf 82' lang='lat' dir='ltr'><strong><em>IN</em></strong></span> <span class='ocrx_word' id='word_1_4' title='bbox 503 567 777 621; x_wconf 77' lang='lat' dir='ltr'><strong>ELEMENTORUM</strong></span> <span class='ocrx_word' id='word_1_5' title='bbox 795 568 935 620; x_wconf 81' lang='lat' dir='ltr'>LIBRUM</span> <span class='ocrx_word' id='word_1_6' title='bbox 948 568 994 622; x_wconf 86' lang='lat' dir='ltr'><strong><em>VI.</em></strong></span> 
     </span>
    </p>
   </div>
   <div class='ocr_carea' id='block_1_2' title="bbox 68 706 1143 3553">
    <p class='ocr_par' dir='ltr' id='par_1_2' title="bbox 68 706 1143 3553">
     <span class='ocr_line' id='line_1_2' title="bbox 127 706 1142 796; baseline -0.003 -19"><span class='ocrx_word' id='word_1_7' title='bbox 127 706 146 777; x_wconf 87' lang='grc' dir='ltr'>ὁ</span> <span class='ocrx_word' id='word_1_8' title='bbox 166 709 353 796; x_wconf 76' lang='grc' dir='ltr'><em>γεωμέτρης</em></span> <span class='ocrx_word' id='word_1_9' title='bbox 370 710 486 795; x_wconf 78' lang='grc' dir='ltr'><strong><em>δεῖξαι,</em></strong></span> <span class='ocrx_word' id='word_1_10' title='bbox 506 706 552 789; x_wconf 78' lang='grc' dir='ltr'><strong><em>ὡς</em></strong></span> <span class='ocrx_word' id='word_1_11' title='bbox 570 710 607 777; x_wconf 83' lang='grc' dir='ltr'><strong><em>έν</em></strong></span> <span class='ocrx_word' id='word_1_12' title='bbox 624 721 695 788; x_wconf 87' lang='grc' dir='ltr'><strong><em>τοῖς</em></strong></span> <span class='ocrx_word' id='word_1_13' title='bbox 714 715 801 789; x_wconf 82' lang='grc' dir='ltr'><strong><em>ίσοις</em></strong></span> <span class='ocrx_word' id='word_1_14' title='bbox 818 706 954 787; x_wconf 79' lang='grc' dir='ltr'><strong><em>κύκλοις</em></strong></span> <span class='ocrx_word' id='word_1_15' title='bbox 972 709 1009 775; x_wconf 83' lang='grc' dir='ltr'><strong><em>αί</em></strong></span> <span class='ocrx_word' id='word_1_16' title='bbox 1021 713 1142 793; x_wconf 80' lang='grc' dir='ltr'><em>γωνίαι</em></span> 
     </span>
     <span class='ocr_line' id='line_1_3' title="bbox 125 804 1142 902; baseline -0.001 -19"><span class='ocrx_word' id='word_1_17' title='bbox 125 813 187 883; x_wconf 86' lang='grc' dir='ltr'><strong><em>τὸν</em></strong></span> <span class='ocrx_word' id='word_1_18' title='bbox 220 812 324 883; x_wconf 81' lang='grc' dir='ltr'><strong><em>αὐτὸν</em></strong></span> <span class='ocrx_word' id='word_1_19' title='bbox 355 813 459 901; x_wconf 88' lang='grc' dir='ltr'><strong><em>λόγον</em></strong></span> <span class='ocrx_word' id='word_1_20' title='bbox 487 818 602 900; x_wconf 79' lang='grc' dir='ltr'><strong><em>έχουσι</em></strong></span> <span class='ocrx_word' id='word_1_21' title='bbox 632 827 706 894; x_wconf 85' lang='grc' dir='ltr'><strong><em>ταῖς</em></strong></span> <span class='ocrx_word' id='word_1_22' title='bbox 735 819 976 902; x_wconf 76' lang='grc' dir='ltr'><strong><em>περιφερείαις,</em></strong></span> <span class='ocrx_word' id='word_1_23' title='bbox 1009 809 1062 900; x_wconf 77' lang='grc' dir='ltr'><strong><em>ἐφ’</em></strong></span> <span class='ocrx_word' id='word_1_24' title='bbox 1092 804 1142 882; x_wconf 82' lang='grc' dir='ltr'><strong><em>άν</em></strong></span> 
     </span>
     <span class='ocr_line' id='line_1_4' title="bbox 126 917 1141 1009; baseline -0.001 -21"><span class='ocrx_word' id='word_1_25' title='bbox 126 920 320 1008; x_wconf 80' lang='grc' dir='ltr'><strong><em>βεβήκασιν,</em></strong></span> <span class='ocrx_word' id='word_1_26' title='bbox 343 921 504 1009; x_wconf 81' lang='grc' dir='ltr'><strong><em>ἐχρήσατο</em></strong></span> <span class='ocrx_word' id='word_1_27' title='bbox 528 923 576 1000; x_wconf 89' lang='grc' dir='ltr'><strong><em>είς</em></strong></span> <span class='ocrx_word' id='word_1_28' title='bbox 599 917 661 1006; x_wconf 80' lang='grc' dir='ltr'><strong><em>τὴν</em></strong></span> <span class='ocrx_word' id='word_1_29' title='bbox 679 919 803 989; x_wconf 79' lang='grc' dir='ltr'><strong><em>τούτου</em></strong></span> <span class='ocrx_word' id='word_1_30' title='bbox 821 921 936 1006; x_wconf 81' lang='grc' dir='ltr'><strong><em>δεῖξιν,</em></strong></span> <span class='ocrx_word' id='word_1_31' title='bbox 960 919 1011 987; x_wconf 81' lang='grc' dir='ltr'><strong><em>ὅτι</em></strong></span> <span class='ocrx_word' id='word_1_32' title='bbox 1035 921 1074 987; x_wconf 89' lang='grc' dir='ltr'><strong><em>αί</em></strong></span> <span class='ocrx_word' id='word_1_33' title='bbox 1089 920 1141 987; x_wconf 81' lang='grc' dir='ltr'><strong><em>ἐπὶ</em></strong></span> 
     </span>
     <span class='ocr_line' id='line_1_5' title="bbox 126 1025 1142 1115; baseline -0.001 -20"><span class='ocrx_word' id='word_1_34' title='bbox 126 1028 290 1113; x_wconf 76' lang='grc' dir='ltr'><strong><em>μειζόνων</em></strong></span> <span class='ocrx_word' id='word_1_35' title='bbox 316 1031 539 1115; x_wconf 76' lang='grc' dir='ltr'><strong><em>περιφερειῶν</em></strong></span> <span class='ocrx_word' id='word_1_36' title='bbox 567 1027 604 1094; x_wconf 77' lang='grc' dir='ltr'><strong><em>ἐν</em></strong></span> <span class='ocrx_word' id='word_1_37' title='bbox 633 1039 704 1106; x_wconf 87' lang='grc' dir='ltr'><strong><em>τοῖς</em></strong></span> <span class='ocrx_word' id='word_1_38' title='bbox 732 1034 819 1105; x_wconf 87' lang='grc' dir='ltr'><strong><em>ίσοις</em></strong></span> <span class='ocrx_word' id='word_1_39' title='bbox 849 1025 985 1105; x_wconf 82' lang='grc' dir='ltr'><strong><em>κύκλοις</em></strong></span> <span class='ocrx_word' id='word_1_40' title='bbox 1011 1031 1142 1112; x_wconf 76' lang='grc' dir='ltr'><strong><em>μείζους</em></strong></span> 
     </span>
     <span class='ocr_line' id='line_1_6' title="bbox 89 1130 1142 1222; baseline -0.005 -18"><span class='ocrx_word' id='word_1_41' title='bbox 89 1137 224 1222; x_wconf 80' lang='grc' dir='ltr'><strong><em>οείσίν,</em></strong></span> <span class='ocrx_word' id='word_1_42' title='bbox 247 1136 285 1202; x_wconf 90' lang='grc' dir='ltr'><strong><em>αί</em></strong></span> <span class='ocrx_word' id='word_1_43' title='bbox 306 1133 344 1202; x_wconf 69' lang='grc' dir='ltr'><strong><em>δὲ</em></strong></span> <span class='ocrx_word' id='word_1_44' title='bbox 366 1130 417 1201; x_wconf 77' lang='grc' dir='ltr'><strong><em>ἐπ’</em></strong></span> <span class='ocrx_word' id='word_1_45' title='bbox 444 1132 638 1201; x_wconf 78' lang='grc' dir='ltr'><strong><em>ἐλασσόνων</em></strong></span> <span class='ocrx_word' id='word_1_46' title='bbox 661 1131 826 1213; x_wconf 75' lang='grc' dir='ltr'><strong><em>ἐλάσσους</em></strong></span> <span class='ocrx_word' id='word_1_47' title='bbox 847 1130 904 1199; x_wconf 83' lang='grc' dir='ltr'><strong><em>καὶ</em></strong></span> <span class='ocrx_word' id='word_1_48' title='bbox 927 1135 965 1198; x_wconf 89' lang='grc' dir='ltr'><strong><em>αί</em></strong></span> <span class='ocrx_word' id='word_1_49' title='bbox 985 1131 1038 1200; x_wconf 82' lang='grc' dir='ltr'><strong><em>έπί</em></strong></span> <span class='ocrx_word' id='word_1_50' title='bbox 1058 1139 1142 1200; x_wconf 87' lang='grc' dir='ltr'><strong><em>ίσων</em></strong></span> 
     </span>
     <span class='ocr_line' id='line_1_7' title="bbox 125 1235 1141 1331; baseline -0.001 -25"><span class='ocrx_word' id='word_1_51' title='bbox 125 1246 211 1325; x_wconf 85' lang='grc' dir='ltr'><strong><em>ίσαι,</em></strong></span> <span class='ocrx_word' id='word_1_52' title='bbox 244 1235 263 1309; x_wconf 78' lang='lat'><strong>3</strong></span> <span class='ocrx_word' id='word_1_53' title='bbox 291 1235 415 1308; x_wconf 82' lang='grc' dir='ltr'><strong><em>ταύτόν</em></strong></span> <span class='ocrx_word' id='word_1_54' title='bbox 444 1240 512 1307; x_wconf 77' lang='grc' dir='ltr'><strong><em>ἐστι</em></strong></span> <span class='ocrx_word' id='word_1_55' title='bbox 540 1243 586 1331; x_wconf 81' lang='grc' dir='ltr'><strong><em>τῷ</em></strong></span> <span class='ocrx_word' id='word_1_56' title='bbox 615 1236 675 1306; x_wconf 77' lang='grc' dir='ltr'><strong><em>ἐάν</em></strong></span> <span class='ocrx_word' id='word_1_57' title='bbox 702 1236 723 1325; x_wconf 78' lang='grc' dir='ltr'><em>ἡ</em></span> <span class='ocrx_word' id='word_1_58' title='bbox 751 1239 944 1327; x_wconf 80' lang='grc' dir='ltr'><strong><em>περιφέρεια</em></strong></span> <span class='ocrx_word' id='word_1_59' title='bbox 971 1236 1056 1323; x_wconf 83' lang='grc' dir='ltr'><strong><em>’πρὸς</em></strong></span> <span class='ocrx_word' id='word_1_60' title='bbox 1078 1237 1141 1324; x_wconf 84' lang='grc' dir='ltr'><strong><em>τὴν</em></strong></span> 
     </span>
     <span class='ocr_line' id='line_1_8' title="bbox 123 1342 1141 1435; baseline -0.002 -22"><span class='ocrx_word' id='word_1_61' title='bbox 123 1347 340 1435; x_wconf 89' lang='grc' dir='ltr'><strong><em>περιφέρειαν</em></strong></span> <span class='ocrx_word' id='word_1_62' title='bbox 364 1350 421 1434; x_wconf 84' lang='grc' dir='ltr'><strong><em>ἔχη</em></strong></span> <span class='ocrx_word' id='word_1_63' title='bbox 444 1343 505 1413; x_wconf 85' lang='grc' dir='ltr'><strong><em>τὸν</em></strong></span> <span class='ocrx_word' id='word_1_64' title='bbox 527 1347 590 1412; x_wconf 83' lang='grc' dir='ltr'><strong><em>τοῦ</em></strong></span> <span class='ocrx_word' id='word_1_65' title='bbox 612 1350 763 1431; x_wconf 79' lang='grc' dir='ltr'><strong><em>μείζονος</em></strong></span> <span class='ocrx_word' id='word_1_66' title='bbox 781 1344 896 1432; x_wconf 88' lang='grc' dir='ltr'><strong><em>λόγον,</em></strong></span> <span class='ocrx_word' id='word_1_67' title='bbox 918 1345 974 1413; x_wconf 82' lang='grc' dir='ltr'><strong><em>καὶ</em></strong></span> <span class='ocrx_word' id='word_1_68' title='bbox 993 1342 1014 1429; x_wconf 83' lang='grc' dir='ltr'><strong><em>ἡ</em></strong></span> <span class='ocrx_word' id='word_1_69' title='bbox 1034 1349 1141 1431; x_wconf 91' lang='grc' dir='ltr'><strong><em>γωνία</em></strong></span> 
     </span>
     <span class='ocr_line' id='line_1_9' title="bbox 123 1448 1138 1539; baseline -0.001 -19"><span class='ocrx_word' id='word_1_70' title='bbox 123 1450 144 1538; x_wconf 82' lang='grc' dir='ltr'><em>ἡ</em></span> <span class='ocrx_word' id='word_1_71' title='bbox 182 1454 236 1521; x_wconf 77' lang='grc' dir='ltr'><strong><em>ἐπὶ</em></strong></span> <span class='ocrx_word' id='word_1_72' title='bbox 267 1457 326 1539; x_wconf 79' lang='grc' dir='ltr'><strong><em>τῆς</em></strong></span> <span class='ocrx_word' id='word_1_73' title='bbox 363 1457 514 1538; x_wconf 89' lang='grc' dir='ltr'><strong><em>μείζονος</em></strong></span> <span class='ocrx_word' id='word_1_74' title='bbox 550 1455 761 1539; x_wconf 80' lang='grc' dir='ltr'><strong><em>περιφερείας</em></strong></span> <span class='ocrx_word' id='word_1_75' title='bbox 797 1455 961 1538; x_wconf 82' lang='grc' dir='ltr'><strong><em>βεβηκυῖα</em></strong></span> <span class='ocrx_word' id='word_1_76' title='bbox 996 1453 1055 1538; x_wconf 80' lang='grc' dir='ltr'><strong><em>τῆς</em></strong></span> <span class='ocrx_word' id='word_1_77' title='bbox 1088 1448 1138 1519; x_wconf 79' lang='grc' dir='ltr'><strong><em>ἐπ’</em></strong></span> 
     </span>
     <span class='ocr_line' id='line_1_10' title="bbox 124 1555 1142 1647; baseline 0 -22"><span class='ocrx_word' id='word_1_78' title='bbox 124 1557 306 1639; x_wconf 81' lang='grc' dir='ltr'><strong><em>ἐλάσσονος</em></strong></span> <span class='ocrx_word' id='word_1_79' title='bbox 342 1561 554 1647; x_wconf 81' lang='grc' dir='ltr'><strong><em>περιφερείας</em></strong></span> <span class='ocrx_word' id='word_1_80' title='bbox 591 1561 770 1643; x_wconf 82' lang='grc' dir='ltr'><strong><em>βεβηκυίας</em></strong></span> <span class='ocrx_word' id='word_1_81' title='bbox 806 1555 867 1624; x_wconf 88' lang='grc' dir='ltr'><strong><em>τὸν</em></strong></span> <span class='ocrx_word' id='word_1_82' title='bbox 896 1561 958 1625; x_wconf 87' lang='grc' dir='ltr'><strong><em>τοῦ</em></strong></span> <span class='ocrx_word' id='word_1_83' title='bbox 989 1561 1142 1644; x_wconf 80' lang='grc' dir='ltr'><strong><em>μείζονος</em></strong></span> 
     </span>
     <span class='ocr_line' id='line_1_11' title="bbox 73 1660 1141 1751; baseline -0.005 -16"><span class='ocrx_word' id='word_1_84' title='bbox 73 1685 106 1735; x_wconf 89' lang='lat'><strong><em>10</em></strong></span> <span class='ocrx_word' id='word_1_85' title='bbox 124 1663 229 1751; x_wconf 89' lang='grc' dir='ltr'><strong><em>λόγον</em></strong></span> <span class='ocrx_word' id='word_1_86' title='bbox 261 1664 342 1751; x_wconf 78' lang='grc' dir='ltr'><strong><em>ἔξει,</em></strong></span> <span class='ocrx_word' id='word_1_87' title='bbox 380 1663 436 1732; x_wconf 80' lang='grc' dir='ltr'><strong><em>καὶ</em></strong></span> <span class='ocrx_word' id='word_1_88' title='bbox 468 1662 529 1732; x_wconf 77' lang='grc' dir='ltr'><strong><em>ἐάν</em></strong></span> <span class='ocrx_word' id='word_1_89' title='bbox 560 1660 581 1749; x_wconf 75' lang='grc' dir='ltr'>ἡ</span> <span class='ocrx_word' id='word_1_90' title='bbox 612 1664 808 1750; x_wconf 83' lang='grc' dir='ltr'><strong><em>περιφέρεια</em></strong></span> <span class='ocrx_word' id='word_1_91' title='bbox 844 1662 927 1751; x_wconf 84' lang='grc' dir='ltr'><strong><em>πρὸς</em></strong></span> <span class='ocrx_word' id='word_1_92' title='bbox 957 1662 1021 1750; x_wconf 79' lang='grc' dir='ltr'><strong><em>τὴν</em></strong></span> <span class='ocrx_word' id='word_1_93' title='bbox 1051 1689 1141 1750; x_wconf 89' lang='grc' dir='ltr'><strong><em>περι-</em></strong></span> 
     </span>
     <span class='ocr_line' id='line_1_12' title="bbox 124 1766 1142 1857; baseline 0 -21"><span class='ocrx_word' id='word_1_94' title='bbox 124 1770 263 1857; x_wconf 91' lang='grc' dir='ltr'><strong><em>φέρειαν</em></strong></span> <span class='ocrx_word' id='word_1_95' title='bbox 290 1767 350 1839; x_wconf 87' lang='grc' dir='ltr'><strong><em>τὸν</em></strong></span> <span class='ocrx_word' id='word_1_96' title='bbox 377 1773 439 1838; x_wconf 84' lang='grc' dir='ltr'><strong><em>τοῦ</em></strong></span> <span class='ocrx_word' id='word_1_97' title='bbox 468 1770 642 1848; x_wconf 77' lang='grc' dir='ltr'><strong><em>ἐλάττονος</em></strong></span> <span class='ocrx_word' id='word_1_98' title='bbox 669 1767 773 1856; x_wconf 89' lang='grc' dir='ltr'><strong><em>λόγον</em></strong></span> <span class='ocrx_word' id='word_1_99' title='bbox 801 1772 874 1857; x_wconf 79' lang='grc' dir='ltr'><strong><em>ἔχη,</em></strong></span> <span class='ocrx_word' id='word_1_100' title='bbox 906 1769 962 1836; x_wconf 81' lang='grc' dir='ltr'><strong><em>καὶ</em></strong></span> <span class='ocrx_word' id='word_1_101' title='bbox 989 1766 1009 1854; x_wconf 81' lang='grc' dir='ltr'><em>ἡ</em></span> <span class='ocrx_word' id='word_1_102' title='bbox 1034 1773 1142 1855; x_wconf 89' lang='grc' dir='ltr'><strong><em>γωνία</em></strong></span> 
     </span>
     <span class='ocr_line' id='line_1_13' title="bbox 124 1873 1142 1963; baseline -0.001 -19"><span class='ocrx_word' id='word_1_103' title='bbox 124 1873 144 1961; x_wconf 78' lang='grc' dir='ltr'><em>ἡ</em></span> <span class='ocrx_word' id='word_1_104' title='bbox 168 1876 221 1944; x_wconf 82' lang='grc' dir='ltr'><strong><em>ἐπὶ</em></strong></span> <span class='ocrx_word' id='word_1_105' title='bbox 244 1880 304 1962; x_wconf 79' lang='grc' dir='ltr'><strong><em>τῆς</em></strong></span> <span class='ocrx_word' id='word_1_106' title='bbox 330 1874 509 1956; x_wconf 83' lang='grc' dir='ltr'><strong><em>ἐλάττονος</em></strong></span> <span class='ocrx_word' id='word_1_107' title='bbox 536 1881 750 1963; x_wconf 83' lang='grc' dir='ltr'><strong><em>περιφερείας</em></strong></span> <span class='ocrx_word' id='word_1_108' title='bbox 776 1880 937 1962; x_wconf 89' lang='grc' dir='ltr'><strong><em>βεβηκυῖα</em></strong></span> <span class='ocrx_word' id='word_1_109' title='bbox 969 1899 1052 1961; x_wconf 88' lang='grc' dir='ltr'><strong><em>προς</em></strong></span> <span class='ocrx_word' id='word_1_110' title='bbox 1078 1873 1142 1962; x_wconf 78' lang='grc' dir='ltr'><strong><em>τὴν</em></strong></span> 
     </span>
     <span class='ocr_line' id='line_1_14' title="bbox 123 1979 1141 2068; baseline 0.001 -21"><span class='ocrx_word' id='word_1_111' title='bbox 123 1980 176 2047; x_wconf 78' lang='grc' dir='ltr'><strong><em>έπὶ</em></strong></span> <span class='ocrx_word' id='word_1_112' title='bbox 204 1985 263 2066; x_wconf 77' lang='grc' dir='ltr'><strong><em>τῆς</em></strong></span> <span class='ocrx_word' id='word_1_113' title='bbox 289 1987 438 2068; x_wconf 88' lang='grc' dir='ltr'><strong><em>μείζονος</em></strong></span> <span class='ocrx_word' id='word_1_114' title='bbox 465 1979 526 2050; x_wconf 88' lang='grc' dir='ltr'><strong><em>τὸν</em></strong></span> <span class='ocrx_word' id='word_1_115' title='bbox 553 1986 614 2050; x_wconf 79' lang='grc' dir='ltr'><strong><em>τοτ’</em></strong></span> <span class='ocrx_word' id='word_1_116' title='bbox 643 1981 820 2061; x_wconf 79' lang='grc' dir='ltr'><strong><em>ἐλάττονος</em></strong></span> <span class='ocrx_word' id='word_1_117' title='bbox 843 1981 947 2067; x_wconf 87' lang='grc' dir='ltr'><strong><em>λόγον</em></strong></span> <span class='ocrx_word' id='word_1_118' title='bbox 971 1983 1053 2065; x_wconf 78' lang='grc' dir='ltr'><strong><em>ἕξει,</em></strong></span> <span class='ocrx_word' id='word_1_119' title='bbox 1085 1983 1141 2049; x_wconf 81' lang='grc' dir='ltr'><strong><em>καὶ</em></strong></span> 
     </span>
     <span class='ocr_line' id='line_1_15' title="bbox 123 2084 1141 2176; baseline 0.003 -24"><span class='ocrx_word' id='word_1_120' title='bbox 123 2084 184 2153; x_wconf 79' lang='grc' dir='ltr'><strong><em>ἐὰν</em></strong></span> <span class='ocrx_word' id='word_1_121' title='bbox 208 2095 277 2154; x_wconf 80' lang='grc' dir='ltr'><strong><em>ἴσαι</em></strong></span> <span class='ocrx_word' id='word_1_122' title='bbox 301 2091 339 2154; x_wconf 91' lang='grc' dir='ltr'><strong><em>αί</em></strong></span> <span class='ocrx_word' id='word_1_123' title='bbox 358 2088 584 2176; x_wconf 90' lang='grc' dir='ltr'><strong><em>περιφέρειαι,</em></strong></span> <span class='ocrx_word' id='word_1_124' title='bbox 611 2091 650 2155; x_wconf 87' lang='grc' dir='ltr'><strong><em>αί</em></strong></span> <span class='ocrx_word' id='word_1_125' title='bbox 669 2093 790 2173; x_wconf 91' lang='grc' dir='ltr'><strong><em>γωνίαι</em></strong></span> <span class='ocrx_word' id='word_1_126' title='bbox 813 2086 873 2155; x_wconf 84' lang='grc' dir='ltr'><strong><em>τὸν</em></strong></span> <span class='ocrx_word' id='word_1_127' title='bbox 896 2091 955 2173; x_wconf 79' lang='grc' dir='ltr'><strong><em>τῆς</em></strong></span> <span class='ocrx_word' id='word_1_128' title='bbox 979 2089 1141 2174; x_wconf 79' lang='grc' dir='ltr'><strong><em>ἰσότητος,</em></strong></span> 
     </span>
     <span class='ocr_line' id='line_1_16' title="bbox 72 2184 1141 2282; baseline -0.002 -20"><span class='ocrx_word' id='word_1_129' title='bbox 72 2214 105 2264; x_wconf 81' lang='grc' dir='ltr'><strong><em>1ο</em></strong></span> <span class='ocrx_word' id='word_1_130' title='bbox 124 2187 205 2278; x_wconf 79' lang='grc' dir='ltr'><strong><em>ὅπερ</em></strong></span> <span class='ocrx_word' id='word_1_131' title='bbox 229 2184 273 2276; x_wconf 60' lang='grc' dir='ltr'><strong><em>τ’,ν</em></strong></span> <span class='ocrx_word' id='word_1_132' title='bbox 294 2192 333 2263; x_wconf 86' lang='grc' dir='ltr'><strong><em>τὸ</em></strong></span> <span class='ocrx_word' id='word_1_133' title='bbox 358 2197 395 2262; x_wconf 81' lang='grc' dir='ltr'><strong><em>ἐν</em></strong></span> <span class='ocrx_word' id='word_1_134' title='bbox 419 2197 458 2282; x_wconf 78' lang='grc' dir='ltr'><strong><em>τῇ</em></strong></span> <span class='ocrx_word' id='word_1_135' title='bbox 482 2191 641 2277; x_wconf 75' lang='grc' dir='ltr'><strong><em>προτάσει</em></strong></span> <span class='ocrx_word' id='word_1_136' title='bbox 664 2197 725 2261; x_wconf 82' lang='grc' dir='ltr'><strong><em>τοῦ</em></strong></span> <span class='ocrx_word' id='word_1_137' title='bbox 749 2195 914 2279; x_wconf 86' lang='grc' dir='ltr'><strong><em>παρόντος</em></strong></span> <span class='ocrx_word' id='word_1_138' title='bbox 938 2193 1141 2279; x_wconf 87' lang='grc' dir='ltr'><strong><em>ζητούμενον</em></strong></span> 
     </span>
     <span class='ocr_line' id='line_1_17' title="bbox 122 2296 1141 2391; baseline 0.003 -27"><span class='ocrx_word' id='word_1_139' title='bbox 122 2296 350 2387; x_wconf 80' lang='grc' dir='ltr'><strong><em>θεωρήματος,</em></strong></span> <span class='ocrx_word' id='word_1_140' title='bbox 375 2299 494 2388; x_wconf 86' lang='grc' dir='ltr'><strong><em>ὅμοιον</em></strong></span> <span class='ocrx_word' id='word_1_141' title='bbox 518 2297 536 2368; x_wconf 85' lang='grc' dir='ltr'>ὁ</span> <span class='ocrx_word' id='word_1_142' title='bbox 561 2301 747 2386; x_wconf 78' lang='grc' dir='ltr'><strong><em>γεωμέτρης</em></strong></span> <span class='ocrx_word' id='word_1_143' title='bbox 775 2304 883 2367; x_wconf 68' lang='grc' dir='ltr'><strong><em>ποιεῖν</em></strong></span> <span class='ocrx_word' id='word_1_144' title='bbox 905 2303 951 2391; x_wconf 80' lang='grc' dir='ltr'><strong><em>τῷ</em></strong></span> <span class='ocrx_word' id='word_1_145' title='bbox 975 2296 1141 2388; x_wconf 89' lang='grc' dir='ltr'><strong><em>άπολογη-</em></strong></span> 
     </span>
     <span class='ocr_line' id='line_1_18' title="bbox 123 2404 1141 2497; baseline 0.003 -26"><span class='ocrx_word' id='word_1_146' title='bbox 123 2405 255 2497; x_wconf 81' lang='grc' dir='ltr'><strong><em>σαμένφ</em></strong></span> <span class='ocrx_word' id='word_1_147' title='bbox 285 2407 503 2493; x_wconf 76' lang='grc' dir='ltr'><strong><em>ἐρωτηθέντι,</em></strong></span> <span class='ocrx_word' id='word_1_148' title='bbox 538 2404 595 2474; x_wconf 77' lang='grc' dir='ltr'><strong><em>διὰ</em></strong></span> <span class='ocrx_word' id='word_1_149' title='bbox 623 2411 658 2474; x_wconf 92' lang='grc' dir='ltr'><strong><em>τι’</em></strong></span> <span class='ocrx_word' id='word_1_150' title='bbox 688 2404 706 2474; x_wconf 85' lang='grc' dir='ltr'>ὁ</span> <span class='ocrx_word' id='word_1_151' title='bbox 738 2404 923 2492; x_wconf 76' lang='grc' dir='ltr'><strong><em>ἅνθρωπος</em></strong></span> <span class='ocrx_word' id='word_1_152' title='bbox 953 2409 1056 2495; x_wconf 77' lang='grc' dir='ltr'><strong><em>ζῷον,</em></strong></span> <span class='ocrx_word' id='word_1_153' title='bbox 1089 2405 1141 2474; x_wconf 81' lang='grc' dir='ltr'><strong><em>ὅτι</em></strong></span> 
     </span>
     <span class='ocr_line' id='line_1_19' title="bbox 122 2508 1143 2602; baseline 0.004 -25"><span class='ocrx_word' id='word_1_154' title='bbox 122 2509 305 2596; x_wconf 78' lang='grc' dir='ltr'><strong><em>ἅνθρωπος</em></strong></span> <span class='ocrx_word' id='word_1_155' title='bbox 333 2517 433 2602; x_wconf 77' lang='grc' dir='ltr'><strong><em>ζῷον,</em></strong></span> <span class='ocrx_word' id='word_1_156' title='bbox 463 2509 543 2596; x_wconf 81' lang='grc' dir='ltr'><strong><em>ὅπερ</em></strong></span> <span class='ocrx_word' id='word_1_157' title='bbox 573 2508 614 2579; x_wconf 83' lang='grc' dir='ltr'><strong><em>οὐ</em></strong></span> <span class='ocrx_word' id='word_1_158' title='bbox 641 2511 750 2598; x_wconf 89' lang='grc' dir='ltr'><strong><em>μόνον</em></strong></span> <span class='ocrx_word' id='word_1_159' title='bbox 778 2514 830 2580; x_wconf 77' lang='grc' dir='ltr'><strong><em>ἐπὶ</em></strong></span> <span class='ocrx_word' id='word_1_160' title='bbox 857 2522 916 2598; x_wconf 83' lang='grc' dir='ltr'><strong><em>τῆς</em></strong></span> <span class='ocrx_word' id='word_1_161' title='bbox 938 2508 1143 2593; x_wconf 76' lang='grc' dir='ltr'><strong><em>ἀποδείξεως</em></strong></span> 
     </span>
     <span class='ocr_line' id='line_1_20' title="bbox 122 2615 1142 2704; baseline 0.001 -20"><span class='ocrx_word' id='word_1_162' title='bbox 122 2617 257 2703; x_wconf 87' lang='grc' dir='ltr'><strong><em>γελοῖόν</em></strong></span> <span class='ocrx_word' id='word_1_163' title='bbox 290 2618 373 2703; x_wconf 82' lang='grc' dir='ltr'><strong><em>ἐστι,</em></strong></span> <span class='ocrx_word' id='word_1_164' title='bbox 406 2615 492 2684; x_wconf 85' lang='grc' dir='ltr'><strong><em>άλλά</em></strong></span> <span class='ocrx_word' id='word_1_165' title='bbox 525 2617 581 2684; x_wconf 81' lang='grc' dir='ltr'><strong><em>καὶ</em></strong></span> <span class='ocrx_word' id='word_1_166' title='bbox 612 2616 663 2685; x_wconf 69' lang='grc' dir='ltr'><strong><em>ἐπὶ</em></strong></span> <span class='ocrx_word' id='word_1_167' title='bbox 692 2621 751 2703; x_wconf 80' lang='grc' dir='ltr'><strong><em>τῆς</em></strong></span> <span class='ocrx_word' id='word_1_168' title='bbox 774 2621 995 2704; x_wconf 75' lang='grc' dir='ltr'><strong><em>διαλεκτικῆς,</em></strong></span> <span class='ocrx_word' id='word_1_169' title='bbox 1028 2626 1062 2684; x_wconf 82' lang='grc' dir='ltr'><strong><em>εί</em></strong></span> <span class='ocrx_word' id='word_1_170' title='bbox 1090 2646 1142 2697; x_wconf 93' lang='grc' dir='ltr'><strong><em>τις</em></strong></span> 
     </span>
     <span class='ocr_line' id='line_1_21' title="bbox 70 2719 1141 2811; baseline 0 -19"><span class='ocrx_word' id='word_1_171' title='bbox 70 2744 104 2794; x_wconf 77' lang='lat'><strong><em>20</em></strong></span> <span class='ocrx_word' id='word_1_172' title='bbox 121 2723 387 2811; x_wconf 87' lang='grc' dir='ltr'><strong><em>τοιουτοτρόπως</em></strong></span> <span class='ocrx_word' id='word_1_173' title='bbox 397 2719 633 2810; x_wconf 89' lang='grc' dir='ltr'><strong><em>άποφαίνηται,</em></strong></span> <span class='ocrx_word' id='word_1_174' title='bbox 641 2725 883 2807; x_wconf 84' lang='grc' dir='ltr'><strong><em>καταγέλαστος</em></strong></span> <span class='ocrx_word' id='word_1_175' title='bbox 893 2722 1008 2804; x_wconf 81' lang='grc' dir='ltr'><strong><em>δόξειε.</em></strong></span> <span class='ocrx_word' id='word_1_176' title='bbox 1027 2724 1141 2810; x_wconf 72' lang='grc' dir='ltr'><strong><em>φαμὲν</em></strong></span> 
     </span>
     <span class='ocr_line' id='line_1_22' title="bbox 122 2820 1139 2917; baseline 0.001 -20"><span class='ocrx_word' id='word_1_177' title='bbox 122 2820 203 2914; x_wconf 81' lang='grc' dir='ltr'><strong><em>οὖν,</em></strong></span> <span class='ocrx_word' id='word_1_178' title='bbox 231 2827 276 2908; x_wconf 77' lang='grc' dir='ltr'><strong><em>ὡς</em></strong></span> <span class='ocrx_word' id='word_1_179' title='bbox 304 2826 366 2897; x_wconf 82' lang='grc' dir='ltr'><strong><em>οὐκ</em></strong></span> <span class='ocrx_word' id='word_1_180' title='bbox 393 2827 475 2916; x_wconf 73' lang='grc' dir='ltr'><strong><em>ἤδη,</em></strong></span> <span class='ocrx_word' id='word_1_181' title='bbox 509 2828 569 2897; x_wconf 82' lang='grc' dir='ltr'><strong><em>ἐάν</em></strong></span> <span class='ocrx_word' id='word_1_182' title='bbox 596 2826 617 2914; x_wconf 80' lang='grc' dir='ltr'><em>ἡ</em></span> <span class='ocrx_word' id='word_1_183' title='bbox 640 2829 836 2917; x_wconf 87' lang='grc' dir='ltr'><strong><em>περιφέρεια</em></strong></span> <span class='ocrx_word' id='word_1_184' title='bbox 858 2827 941 2915; x_wconf 86' lang='grc' dir='ltr'><strong><em>πρὸς</em></strong></span> <span class='ocrx_word' id='word_1_185' title='bbox 963 2827 1025 2916; x_wconf 78' lang='grc' dir='ltr'><strong><em>τὴν</em></strong></span> <span class='ocrx_word' id='word_1_186' title='bbox 1048 2853 1139 2916; x_wconf 92' lang='grc' dir='ltr'><strong><em>περι-</em></strong></span> 
     </span>
     <span class='ocr_line' id='line_1_23' title="bbox 122 2931 1140 3024; baseline -0.002 -21"><span class='ocrx_word' id='word_1_187' title='bbox 122 2937 262 3023; x_wconf 87' lang='grc' dir='ltr'><strong><em>φέρειαν</em></strong></span> <span class='ocrx_word' id='word_1_188' title='bbox 285 2939 342 3023; x_wconf 80' lang='grc' dir='ltr'><strong><em>ἔχη</em></strong></span> <span class='ocrx_word' id='word_1_189' title='bbox 370 2933 431 3002; x_wconf 88' lang='grc' dir='ltr'><strong><em>τὸν</em></strong></span> <span class='ocrx_word' id='word_1_190' title='bbox 458 2938 520 3002; x_wconf 84' lang='grc' dir='ltr'><strong><em>τοῦ</em></strong></span> <span class='ocrx_word' id='word_1_191' title='bbox 544 2940 694 3021; x_wconf 87' lang='grc' dir='ltr'><strong><em>μείζονος</em></strong></span> <span class='ocrx_word' id='word_1_192' title='bbox 716 2935 835 3020; x_wconf 88' lang='grc' dir='ltr'><strong><em>λόγον,</em></strong></span> <span class='ocrx_word' id='word_1_193' title='bbox 865 2935 921 3001; x_wconf 83' lang='grc' dir='ltr'><strong><em>καὶ</em></strong></span> <span class='ocrx_word' id='word_1_194' title='bbox 944 2931 964 3020; x_wconf 80' lang='grc' dir='ltr'><em>ἡ</em></span> <span class='ocrx_word' id='word_1_195' title='bbox 988 2941 1096 3021; x_wconf 89' lang='grc' dir='ltr'><strong><em>γωνία</em></strong></span> <span class='ocrx_word' id='word_1_196' title='bbox 1119 2935 1140 3024; x_wconf 79' lang='grc' dir='ltr'><em>ἡ</em></span> 
     </span>
     <span class='ocr_line' id='line_1_24' title="bbox 122 3040 1140 3128; baseline 0.002 -20"><span class='ocrx_word' id='word_1_197' title='bbox 122 3041 175 3108; x_wconf 77' lang='grc' dir='ltr'><strong><em>ἐπὶ</em></strong></span> <span class='ocrx_word' id='word_1_198' title='bbox 197 3044 256 3128; x_wconf 78' lang='grc' dir='ltr'><strong><em>τῆς</em></strong></span> <span class='ocrx_word' id='word_1_199' title='bbox 275 3046 425 3127; x_wconf 89' lang='grc' dir='ltr'><strong><em>μείζονος</em></strong></span> <span class='ocrx_word' id='word_1_200' title='bbox 442 3046 654 3127; x_wconf 87' lang='grc' dir='ltr'><strong><em>περιφερείας</em></strong></span> <span class='ocrx_word' id='word_1_201' title='bbox 672 3041 756 3126; x_wconf 86' lang='grc' dir='ltr'><strong><em>πρὸς</em></strong></span> <span class='ocrx_word' id='word_1_202' title='bbox 773 3041 835 3128; x_wconf 82' lang='grc' dir='ltr'><strong><em>τὴν</em></strong></span> <span class='ocrx_word' id='word_1_203' title='bbox 854 3049 983 3127; x_wconf 90' lang='grc' dir='ltr'><strong><em>γωνίαν</em></strong></span> <span class='ocrx_word' id='word_1_204' title='bbox 1002 3040 1065 3126; x_wconf 80' lang='grc' dir='ltr'><strong><em>τὴν</em></strong></span> <span class='ocrx_word' id='word_1_205' title='bbox 1086 3044 1140 3110; x_wconf 78' lang='grc' dir='ltr'><strong><em>ἐπὶ</em></strong></span> 
     </span>
     <span class='ocr_line' id='line_1_25' title="bbox 121 3146 1141 3234; baseline 0.003 -21"><span class='ocrx_word' id='word_1_206' title='bbox 121 3150 180 3232; x_wconf 84' lang='grc' dir='ltr'><strong><em>τῆς</em></strong></span> <span class='ocrx_word' id='word_1_207' title='bbox 204 3146 387 3226; x_wconf 77' lang='grc' dir='ltr'><strong><em>ἐλάσσονος</em></strong></span> <span class='ocrx_word' id='word_1_208' title='bbox 409 3150 592 3232; x_wconf 88' lang='grc' dir='ltr'><strong><em>βεβηκυῖαν</em></strong></span> <span class='ocrx_word' id='word_1_209' title='bbox 615 3151 672 3234; x_wconf 80' lang='grc' dir='ltr'><strong><em>ἔχη</em></strong></span> <span class='ocrx_word' id='word_1_210' title='bbox 695 3146 755 3215; x_wconf 89' lang='grc' dir='ltr'><strong><em>τὸν</em></strong></span> <span class='ocrx_word' id='word_1_211' title='bbox 773 3151 834 3215; x_wconf 84' lang='grc' dir='ltr'><strong><em>τοῦ</em></strong></span> <span class='ocrx_word' id='word_1_212' title='bbox 854 3153 1005 3233; x_wconf 85' lang='grc' dir='ltr'><strong><em>μείζονος</em></strong></span> <span class='ocrx_word' id='word_1_213' title='bbox 1024 3146 1141 3234; x_wconf 87' lang='grc' dir='ltr'><strong><em>λόγον,</em></strong></span> 
     </span>
     <span class='ocr_line' id='line_1_26' title="bbox 68 3249 1139 3342; baseline -0.002 -18"><span class='ocrx_word' id='word_1_214' title='bbox 68 3274 103 3324; x_wconf 80' lang='lat'><strong><em>25</em></strong></span> <span class='ocrx_word' id='word_1_215' title='bbox 121 3250 187 3339; x_wconf 77' lang='grc' dir='ltr'><strong><em>ἤδη</em></strong></span> <span class='ocrx_word' id='word_1_216' title='bbox 215 3253 271 3320; x_wconf 82' lang='grc' dir='ltr'><strong><em>καὶ</em></strong></span> <span class='ocrx_word' id='word_1_217' title='bbox 299 3249 340 3320; x_wconf 79' lang='grc' dir='ltr'><strong><em>ὃν</em></strong></span> <span class='ocrx_word' id='word_1_218' title='bbox 368 3251 471 3337; x_wconf 88' lang='grc' dir='ltr'><strong><em>λόγου</em></strong></span> <span class='ocrx_word' id='word_1_219' title='bbox 499 3257 565 3338; x_wconf 81' lang='grc' dir='ltr'><strong><em>ἔχει</em></strong></span> <span class='ocrx_word' id='word_1_220' title='bbox 593 3249 614 3339; x_wconf 77' lang='grc' dir='ltr'><em>ἡ</em></span> <span class='ocrx_word' id='word_1_221' title='bbox 638 3254 832 3342; x_wconf 88' lang='grc' dir='ltr'><strong><em>περιφέρεια</em></strong></span> <span class='ocrx_word' id='word_1_222' title='bbox 860 3253 944 3339; x_wconf 87' lang='grc' dir='ltr'><strong><em>πρὸς</em></strong></span> <span class='ocrx_word' id='word_1_223' title='bbox 965 3254 1027 3340; x_wconf 82' lang='grc' dir='ltr'><strong><em>τὴν</em></strong></span> <span class='ocrx_word' id='word_1_224' title='bbox 1049 3277 1139 3340; x_wconf 88' lang='grc' dir='ltr'><strong><em>περι-</em></strong></span> 
     </span>
     <span class='ocr_line' id='line_1_27' title="bbox 123 3355 1142 3446; baseline 0.004 -20"><span class='ocrx_word' id='word_1_225' title='bbox 123 3359 278 3446; x_wconf 87' lang='grc' dir='ltr'><strong><em>φέρειαν,</em></strong></span> <span class='ocrx_word' id='word_1_226' title='bbox 311 3364 377 3446; x_wconf 79' lang='grc' dir='ltr'><strong><em>ἔχει</em></strong></span> <span class='ocrx_word' id='word_1_227' title='bbox 406 3358 462 3426; x_wconf 80' lang='grc' dir='ltr'><strong><em>καὶ</em></strong></span> <span class='ocrx_word' id='word_1_228' title='bbox 491 3355 513 3444; x_wconf 80' lang='grc' dir='ltr'>ἡ</span> <span class='ocrx_word' id='word_1_229' title='bbox 542 3363 648 3445; x_wconf 93' lang='grc' dir='ltr'><strong><em>γωνία</em></strong></span> <span class='ocrx_word' id='word_1_230' title='bbox 677 3358 761 3444; x_wconf 86' lang='grc' dir='ltr'><strong><em>πρὸς</em></strong></span> <span class='ocrx_word' id='word_1_231' title='bbox 783 3358 846 3445; x_wconf 80' lang='grc' dir='ltr'><strong><em>τὴν</em></strong></span> <span class='ocrx_word' id='word_1_232' title='bbox 869 3364 1005 3446; x_wconf 87' lang='grc' dir='ltr'><strong><em>γωνίαν.</em></strong></span> <span class='ocrx_word' id='word_1_233' title='bbox 1050 3360 1142 3442; x_wconf 78' lang='grc' dir='ltr'><strong><em>εἰκὸς</em></strong></span> 
     </span>
     <span class='ocr_line' id='line_1_28' title="bbox 120 3463 1139 3553; baseline 0.003 -22"><span class='ocrx_word' id='word_1_234' title='bbox 120 3465 185 3551; x_wconf 85' lang='grc' dir='ltr'><strong><em>γάρ</em></strong></span> <span class='ocrx_word' id='word_1_235' title='bbox 208 3463 268 3533; x_wconf 87' lang='grc' dir='ltr'><strong><em>τὸν</em></strong></span> <span class='ocrx_word' id='word_1_236' title='bbox 289 3465 351 3552; x_wconf 79' lang='grc' dir='ltr'><strong><em>μὲν</em></strong></span> <span class='ocrx_word' id='word_1_237' title='bbox 369 3469 430 3533; x_wconf 85' lang='grc' dir='ltr'><strong><em>τοῦ</em></strong></span> <span class='ocrx_word' id='word_1_238' title='bbox 450 3469 601 3551; x_wconf 86' lang='grc' dir='ltr'><strong><em>μείζονος</em></strong></span> <span class='ocrx_word' id='word_1_239' title='bbox 619 3470 707 3552; x_wconf 80' lang='grc' dir='ltr'><strong><em>ἔχειν</em></strong></span> <span class='ocrx_word' id='word_1_240' title='bbox 726 3465 831 3552; x_wconf 91' lang='grc' dir='ltr'><strong><em>λόγον</em></strong></span> <span class='ocrx_word' id='word_1_241' title='bbox 844 3465 907 3553; x_wconf 80' lang='grc' dir='ltr'><strong><em>τὴν</em></strong></span> <span class='ocrx_word' id='word_1_242' title='bbox 921 3468 1139 3553; x_wconf 82' lang='grc' dir='ltr'><strong><em>περιφέρειαν</em></strong></span> 
     </span>
    </p>
   </div>
   <div class='ocr_carea' id='block_1_3' title="bbox 120 3691 1140 3977">
    <p class='ocr_par' dir='ltr' id='par_1_3' title="bbox 120 3691 1140 3977">
     <span class='ocr_line' id='line_1_29' title="bbox 192 3691 1140 3769; baseline 0 -21"><span class='ocrx_word' id='word_1_243' title='bbox 192 3698 217 3748; x_wconf 75' lang='grc' dir='ltr'><strong><em>ὁ.</em></strong></span> <span class='ocrx_word' id='word_1_244' title='bbox 242 3694 291 3765; x_wconf 81' lang='grc' dir='ltr'><strong><em>δέ]</em></strong></span> <span class='ocrx_word' id='word_1_245' title='bbox 315 3692 348 3750; x_wconf 69' lang='grc' dir='ltr'><strong><em>δὲ</em></strong></span> <span class='ocrx_word' id='word_1_246' title='bbox 367 3691 401 3750; x_wconf 85' lang='grc' dir='ltr'><strong><em>αί</em></strong></span> <span class='ocrx_word' id='word_1_247' title='bbox 421 3693 456 3750; x_wconf 88' lang='lat' dir='ltr'><strong><em>V.</em></strong></span> <span class='ocrx_word' id='word_1_248' title='bbox 547 3700 572 3750; x_wconf 85' lang='grc'><strong><em>8.</em></strong></span> <span class='ocrx_word' id='word_1_249' title='bbox 597 3696 670 3751; x_wconf 81' lang='lat' dir='ltr'><strong>Ante</strong></span> <span class='ocrx_word' id='word_1_250' title='bbox 695 3695 832 3769; x_wconf 80' lang='grc' dir='ltr'><strong><em>βεβηκυῖα</em></strong></span> <span class='ocrx_word' id='word_1_251' title='bbox 855 3694 966 3750; x_wconf 82' lang='lat' dir='ltr'><strong>macula</strong></span> <span class='ocrx_word' id='word_1_252' title='bbox 989 3698 1033 3751; x_wconf 79' lang='lat' dir='ltr'><strong><em>est</em></strong></span> <span class='ocrx_word' id='word_1_253' title='bbox 1056 3696 1085 3750; x_wconf 91' lang='lat' dir='ltr'><strong><em>in</em></strong></span> <span class='ocrx_word' id='word_1_254' title='bbox 1105 3696 1140 3764; x_wconf 81' lang='lat' dir='ltr'><strong><em>V,</em></strong></span> 
     </span>
     <span class='ocr_line' id='line_1_30' title="bbox 120 3762 1138 3822; baseline 0.005 -5"><span class='ocrx_word' id='word_1_255' title='bbox 120 3762 190 3818; x_wconf 82' lang='lat' dir='ltr'><strong>item</strong></span> <span class='ocrx_word' id='word_1_256' title='bbox 209 3764 295 3821; x_wconf 79' lang='lat' dir='ltr'>lin.9</span> <span class='ocrx_word' id='word_1_257' title='bbox 325 3771 367 3820; x_wconf 76' lang='lat'><strong><em>12.</em></strong></span> <span class='ocrx_word' id='word_1_258' title='bbox 404 3765 457 3821; x_wconf 85' lang='lat' dir='ltr'><strong><em>Hic</em></strong></span> <span class='ocrx_word' id='word_1_259' title='bbox 476 3765 536 3820; x_wconf 85' lang='lat' dir='ltr'><strong>illic</strong></span> <span class='ocrx_word' id='word_1_260' title='bbox 555 3767 584 3821; x_wconf 87' lang='lat' dir='ltr'><strong><em>in</em></strong></span> <span class='ocrx_word' id='word_1_261' title='bbox 603 3765 658 3821; x_wconf 84' lang='lat' dir='ltr'><strong><em>hoc</em></strong></span> <span class='ocrx_word' id='word_1_262' title='bbox 678 3765 786 3821; x_wconf 70' lang='lat' dir='ltr'><strong>scholio</strong></span> <span class='ocrx_word' id='word_1_263' title='bbox 805 3783 918 3821; x_wconf 75' lang='lat' dir='ltr'>rasurae</span> <span class='ocrx_word' id='word_1_264' title='bbox 938 3771 1010 3821; x_wconf 83' lang='lat' dir='ltr'><strong>sunt.</strong></span> <span class='ocrx_word' id='word_1_265' title='bbox 1096 3773 1138 3822; x_wconf 82' lang='lat'><strong><em>13.</em></strong></span> 
     </span>
     <span class='ocr_line' id='line_1_31' title="bbox 120 3808 1139 3916; baseline 0.007 -29"><span class='ocrx_word' id='word_1_266' title='bbox 120 3834 190 3916; x_wconf 67' lang='grc' dir='ltr'><strong><em>τῆς]</em></strong></span> <span class='ocrx_word' id='word_1_267' title='bbox 211 3836 262 3890; x_wconf 82' lang='grc' dir='ltr'><strong><em>τοῦ</em></strong></span> <span class='ocrx_word' id='word_1_268' title='bbox 280 3808 314 3890; x_wconf 57' lang='grc' dir='ltr'><strong><em>ό.</em></strong></span> <span class='ocrx_word' id='word_1_269' title='bbox 406 3842 449 3891; x_wconf 76' lang='lat'><strong><em>24.</em></strong></span> <span class='ocrx_word' id='word_1_270' title='bbox 475 3837 629 3909; x_wconf 79' lang='grc' dir='ltr'><strong><em>βεβηκυῖαν</em></strong></span> <span class='ocrx_word' id='word_1_271' title='bbox 672 3836 755 3908; x_wconf 87' lang='grc' dir='ltr'><strong><em>βεβη·</em></strong></span> <span class='ocrx_word' id='word_1_272' title='bbox 774 3836 803 3891; x_wconf 87' lang='lat' dir='ltr'><strong><em>in</em></strong></span> <span class='ocrx_word' id='word_1_273' title='bbox 821 3853 875 3891; x_wconf 76' lang='lat' dir='ltr'><strong><em>ras.</em></strong></span> <span class='ocrx_word' id='word_1_274' title='bbox 895 3840 960 3907; x_wconf 78' lang='lat' dir='ltr'><strong>post</strong></span> <span class='ocrx_word' id='word_1_275' title='bbox 979 3839 1139 3915; x_wconf 53' lang='lat' dir='ltr'>comphkres</span> 
     </span>
     <span class='ocr_line' id='line_1_32' title="bbox 120 3904 970 3977; baseline 0.005 -20"><span class='ocrx_word' id='word_1_276' title='bbox 120 3904 232 3959; x_wconf 78' lang='lat' dir='ltr'><strong>htteras</strong></span> <span class='ocrx_word' id='word_1_277' title='bbox 251 3906 386 3961; x_wconf 75' lang='lat' dir='ltr'><strong>euanidns</strong></span> <span class='ocrx_word' id='word_1_278' title='bbox 405 3905 438 3960; x_wconf 86' lang='lat' dir='ltr'><strong><em>V.</em></strong></span> <span class='ocrx_word' id='word_1_279' title='bbox 512 3912 554 3961; x_wconf 76' lang='lat'><strong><em>25.</em></strong></span> <span class='ocrx_word' id='word_1_280' title='bbox 575 3904 630 3977; x_wconf 81' lang='grc' dir='ltr'><strong><em>ἤδη</em></strong></span> <span class='ocrx_word' id='word_1_281' title='bbox 663 3907 713 3962; x_wconf 75' lang='lat' dir='ltr'><strong>alb.</strong></span> <span class='ocrx_word' id='word_1_282' title='bbox 732 3928 749 3977; x_wconf 90' lang='grc' dir='ltr'><strong><em>η</em></strong></span> <span class='ocrx_word' id='word_1_283' title='bbox 769 3907 917 3962; x_wconf 71' lang='lat' dir='ltr'><strong>obscurum</strong></span> <span class='ocrx_word' id='word_1_284' title='bbox 938 3909 970 3961; x_wconf 87' lang='lat' dir='ltr'><strong><em>V.</em></strong></span> 
     </span>
    </p>
   </div>
   <div class='ocr_carea' id='block_1_4' title="bbox 0 0 1216 4320">
    <p class='ocr_par' dir='ltr' id='par_1_4' title="bbox 0 0 1216 4320">
     <span class='ocr_line' id='line_1_33' title="bbox 0 0 1216 4320; baseline 0 0"><span class='ocrx_word' id='word_1_285' title='bbox 0 0 1216 4320; x_wconf 95' lang='lat' dir='ltr'><strong><em> </em></strong></span> 
     </span>
    </p>
   </div>
  </div>
 </body>
</html>
