2414 4236
201 486 357 539 SCHOLIA
375 487 414 539 IN
431 486 705 538 ELEMENTORUM
722 485 861 538 LIBRUM
875 486 922 540 VI.
1004 483 1070 548 329

54 637 160 694 ταῦτα
183 625 292 694 πάντα
318 627 358 694 τά
386 629 468 714 με’ρη
497 632 624 712 γίνεται
652 624 758 712 μονὰς
785 631 860 712 μία,
892 622 964 712 ἥτις
994 645 1071 693 συν·

56 742 205 820 αφθεῑσα
227 737 268 821 τῇ
291 732 356 817 πρὸ
381 730 484 818 αὐτῆς
506 737 633 819 γίνεται
657 731 730 799 δύο.
776 729 829 799 ὅτι
857 730 894 799 δὲ
922 729 1069 818 τὰμέρη

54 843 159 906 ταῦτα
182 837 288 927 μονὰς
315 844 457 924 γίνεται,
484 837 598 925 γνώσῃ
628 837 748 917 οὕτως·
786 833 899 925 εὑρεῖν
912 836 986 924 ’χρὴ
1008 835 1068 905 τὸν

55 950 174 1031 ἔχοντα
196 943 335 1029 πράτως
359 941 423 1012 άπὸ
448 943 596 1029 μονάδος
618 943 658 1012 τά
683 945 767 1030 μέρη
785 947 889 1010 ταῦτα
908 941 1069 1029 ἀριθμόν,

55 1048 92 1131 ὃς
125 1053 348 1138 λαμβανέσθω
377 1049 421 1131 ὡς
453 1055 512 1138 μία
544 1050 665 1138 μονάς,
698 1056 767 1119 ἔστι
795 1050 833 1118 δὲ
856 1047 874 1118 6
899 1049 1069 1137 ἑξήκοντα.
1105 1076 1123 1125 5

54 1158 178 1225 τούτου
191 1163 309 1226 τοίνυν
323 1159 481 1245 τέταρτον
493 1157 534 1225 τά
550 1159 737 1244 δεκαπέντε,
752 1163 866 1244 τρίτον
879 1155 920 1225 τά
935 1165 1070 1241 εἴκοσιν,

56 1265 246 1333 δωδέκατον
269 1266 308 1333 τὰ
332 1266 440 1350 πέντε,
463 1266 612 1351 πέμπτον
635 1263 675 1331 τά
695 1263 836 1349 δώδεκα,
860 1261 1011 1332 εἰκοστὸν
1028 1259 1069 1330 τά

56 1376 148 1454 τρία,
175 1372 472 1438 πεντεκαιδέκατον
495 1370 536 1437 τὰ
560 1372 719 1456 τέσσαρα,
747 1368 927 1455 ἑξηκοστὸν
955 1359 993 1437 τὸ
1019 1371 1069 1437 ἕν·

56 1478 234 1545 δεκαπέντε
267 1477 304 1544 δὲ
335 1477 390 1544 καί
419 1487 547 1544 εἴκοσιν
575 1477 630 1543 καὶ
653 1477 751 1543 πέντε
777 1476 832 1543 καλ
856 1474 987 1543 δοάδεκα
1013 1474 1069 1543 καὶ

54 1588 131 1668 τρία
157 1583 213 1649 καί
239 1585 384 1669 τέσσαρα
411 1583 467 1650 καὶ
495 1585 533 1651 δν
561 1581 728 1667 ἑξήκοντα.
775 1580 862 1650 οὕτω
891 1581 929 1650 δὲ
950 1582 1006 1649 καὶ
1035 1584 1070 1650 ἐκ
1090 1609 1123 1658 10

56 1693 236 1758 διπλασίου
258 1689 313 1756 καί
337 1695 535 1773 τριπλασίου
558 1688 613 1755 καὶ
636 1694 878 1773 τετραπλασίου
899 1693 1027 1774 γίνεται
1051 1685 1068 1757 6

54 1795 474 1881 τετρακαιεικοσαπλάσιος,
495 1789 570 1863 οἷον
588 1786 614 1881 β
629 1787 652 1862 δ
668 1787 706 1881 ιβ
722 1799 775 1882 μή.
814 1794 974 1881 λαμβάνω
993 1794 1070 1863 άντλ

55 1902 117 1989 μὲν
140 1906 202 1970 τοῦ
226 1907 405 1971 διπλασίου
428 1901 503 1986 δύο,
527 1899 603 1968 ἀντὶ
627 1901 665 1969 δὲ
687 1904 750 1969 τοῦ
768 1907 966 1985 τριπλασίου
983 1908 1070 1987 τρία,

55 2006 131 2075 άντλ
156 2008 192 2076 δὲ
211 2012 273 2076 τοῦ
289 2013 532 2093 τετραπλασίου
547 2009 702 2094 τέσσαρα,
725 2008 780 2075 καλ
794 2008 1070 2090 πολλαπλασιάζω

56 2112 97 2179 τὰ
121 2113 184 2180 δύο
208 2114 261 2181 ἐπὶ
283 2112 324 2180 τὰ
346 2120 433 2199 τρία,
454 2114 511 2182 καί
534 2119 661 2200 γίνεται
686 2116 733 2195 ἔξ·
770 2112 839 2182 εἶτα
862 2115 902 2183 τὰ
926 2117 1070 2199 τέσσαρα
1091 2141 1124 2192 15

56 2218 109 2287 ἐπὶ
120 2220 159 2285 τά
174 2220 217 2303 ἐξ,
231 2219 287 2286 καὶ
301 2223 453 2305 γίνονται
467 2223 728 2307 εἰκοσιτέσσαρα,
744 2218 781 2300 ὅς
790 2222 859 2288 ἐστι
869 2221 1071 2309 παράνυμος

55 2330 117 2394 τοῦ
139 2333 607 2411 τεσσαρακαιεικοσαπλασίου.

125 2436 153 2499 7.
188 2429 243 2500 Ἐκ
266 2431 303 2500 δὲ
325 2440 583 2502 πολλαπλασίων
606 2431 834 2513 πολυπλάσιος
856 2438 1071 2519 συγκείμενος

56 2536 242 2622 εὑρίσκεται
265 2537 383 2619 οὕτως·
411 2532 486 2608 οἷον
511 2537 529 2608 6
554 2547 588 2625 ιβ
610 2543 672 2608 τοῦ
696 2545 716 2611 ξ
739 2535 963 2624 διπλάσιος,’
948 2566 966 2607 ο
992 2538 1071 2610 δὲξ

54 2649 117 2713 τοῦ
138 2637 164 2729 β
183 2645 392 2733 τριπλάσιος·
431 2649 467 2712 αί
492 2651 578 2732 γοῦν
606 2645 820 2733 πηλικότητες
843 2643 956 2713 αὐτων
980 2642 997 2713 6
1021 2649 1070 2713 δι-
1089 2670 1125 2720 20

55 2751 194 2832 πλάσιος
203 2749 285 2818 καί
269 2779 287 2820 ο
299 2749 528 2838 τριαλάσιος“
505 2779 551 2832 ως
565 2751 707 2839 ἀριθμοὶ
721 2753 1072 2832 πολυπλασιασθὲντες

55 2864 208 2944 γίνονται
232 2857 433 2938 ἑξαπλάσιοι.
479 2859 532 2938 δὶς
556 2857 621 2945 γάρ
648 2857 689 2926 τὰ
712 2864 734 2945 μ
761 2860 810 2943 ἕξ,
844 2856 927 2927 ὅθεν
956 2855 973 2926 6
1002 2859 1070 2940 ἑξα-

55 2964 196 3044 πλάσιος
218 2963 491 3051 παρονομάζεται.
529 2967 565 3032 οί
586 2965 624 3034 δὲ
646 2966 701 3032 καὶ
721 2962 767 3045 ὡς
785 2964 951 3052 ἐπιμόριοι
970 2973 1072 3033 πολυ-

55 3072 318 3163 πλασιασδέντες
345 3070 448 3139 πάλιν
480 3069 586 3151 οἵτως
618 3077 849 3139 συντίθενται·
891 3069 1073 3151 δωδεκάκις

55 3180 119 3265 γὰρ
142 3180 182 3245 τὰ
203 3176 485 3264 ἓξεβδομήκοντα
506 3177 569 3245 δύο
588 3178 643 3245 καλ
663 3174 822 3258 ἑξάκις
788 3202 828 3243 τα
847 3175 911 3243 δύο
931 3175 1071 3261 δάδεκα,
1089 3200 1125 3249 25

57 3276 105 3352 ὧν
130 3282 310 3365 ἕξαπλάσια
337 3282 377 3350 τὰ
403 3275 515 3370 οβ,“
493 3310 514 3349 α
544 3282 756 3352 συνέθετο”
736 3311 754 3351 ο
778 3307 813 3350 τε
839 3279 1014 3363 διπλάσιος
1037 3289 1072 3367 ιβ

56 3389 139 3479 πρὸς
162 3393 196 3472 ἓξ
219 3386 313 3457 καὶ
300 3417 317 3457 ο
340 3389 570 3476 τριπλάσιος
552 3411 572 3462 ς
593 3388 677 3477 πρὸς
699 3396 730 3476 β.

129 3593 153 3641 7.
172 3586 210 3640 V*
231 3585 361 3654 (fortasse
380 3587 446 3655 post
463 3602 503 3640 nr.
518 3590 548 3639 ll
564 3583 789 3656 adiungendum
807 3600 872 3638 nam
892 3583 968 3638 illius
985 3585 1073 3639 uerba

58 3657 150 3726 prima
167 3659 275 3726 septem
294 3657 359 3711 ante
378 3657 432 3710 hoc
450 3658 634 3725 repetuntur).

129 3840 172 3887 2³.
192 3830 424 3903 παρωνομάζεται
444 3831 477 3887 V.
