2414 4236
228 484 385 537 scnom
404 486 442 537 m
459 487 736 540 Εμπιιτατοαυιι
753 489 892 542 manu
906 491 926 542 1.
1013 487 1079 552 213

134 627 204 693 149.
238 628 283 692 Οί
299 623 434 713 άρχαῖοι
451 624 490 695 τὸ
509 625 670 714 θεώρημα
689 639 789 697 τοῦτο
804 633 852 710 είς
865 629 1079 718 Πυθαγόραν

65 727 328 819 άναπέμπονσιν,
346 734 403 800 καὶ
421 732 601 821 θαυμαστή
620 736 712 802 ἐστιν
731 732 751 821 ἡ
771 742 901 824 θεωρία
918 741 980 805 τοῦ
994 745 1080 804 θεω·

62 838 208 925 ρήματος
230 837 362 908 τούτου.
400 836 418 907 5
443 839 481 908 δὲ
505 839 716 928 στοιχειωτὴς
739 844 776 909 έν
798 841 907 933 τούτῳ
931 839 996 912 άπὸ
1021 847 1080 930 τῆς

61 948 129 1013 τῶν
147 944 507 1033 παραλληλογράμμων
525 950 643 1032 κοινῆς
657 953 804 1036 θεωριάς
818 948 854 1017 τὸ
876 948 1078 1036 ζητούμενον

63 1055 244 1120 δείκνυσιν.
295 1055 416 1120 διττῶν
450 1050 486 1119 δὲ
519 1051 630 1121 ὄντων
659 1057 728 1123 τῶν
758 1054 983 1140 ὀρθογωνίων
1009 1082 1077 1141 τρι·
1115 1075 1131 1125 σ

61 1157 194 1247 γῶνων,
216 1162 285 1226 τῶν
305 1155 366 1243 μὲν
386 1161 581 1243 ἰσοσκελῶν,
604 1162 672 1227 τῶν
692 1158 730 1227 δέ
749 1165 937 1246 σκαληνῶν,
961 1163 998 1229 ἐν
1017 1160 1078 1248 μὲν

61 1279 132 1345 τοῖς
155 1265 363 1333 ίσοσκελέσιν
389 1261 450 1330 οὐκ
479 1261 522 1332 ἄν
545 1288 625 1333 ποτε
648 1262 806 1353 εὕροιμεν
833 1263 1002 1353 άριθμοὺς
1025 1268 1079 1352 ἐρ»

62 1370 208 1459 αρμόσαι
222 1383 294 1450 ταῖς
307 1377 479 1456 πλευραῖς
494 1367 536 1438 οὐ
550 1369 615 1458 γάρ
631 1373 699 1441 ἐστι
713 1371 921 1460 τετράγωνος
934 1367 1080 1459 άρυθμὸς

61 1477 275 1608 τετραγώνου
298 1476 490 1562 διπλάσιος,
513 1479 544 1544 εί
565 1494 612 1605 μτ,
635 1480 727 1563 λέγοι
749 1504 800 1558 τις
822 1475 882 1546 τὸν
905 1476 1078 1564 σύνεγγυς.

62 1581 82 1652 5
111 1580 176 1669 γὰρ
202 1580 267 1650 άπὸ
295 1587 356 1651 τοῦ
384 1574 402 1665 ξ
426 1587 487 1652 τοῦ
515 1581 580 1651 άπὸ
610 1587 670 1652 τοῦ
698 1609 714 1651 ε
741 1583 915 1665 διπλάσιός
943 1587 1078 1653 έστιν
1057 1613 1077 1652 α
1098 1607 1131 1656 10

62 1691 208 1769 δέοντος.
241 1692 278 1757 έν
292 1688 330 1759 δέ
343 1703 414 1770 τοῖς
432 1697 613 1776 σκαληνοῖς
627 1689 776 1760 δυνατὸν
794 1697 911 1778 λαβεῖν
930 1694 1079 1778 ἐναργῶς

60 1793 143 1883 ἡμῖν
167 1799 338 1864 δείκνυται
366 1797 404 1864 τὸ
432 1795 497 1865 άπὸ
526 1803 584 1883 της
611 1793 853 1885 ὑποτεινούσης
879 1795 943 1885 τὴν
966 1795 1079 1885 ὀρθὴν

62 1910 138 1971 ίσον
170 1914 241 1981 τοῖς
273 1899 340 1970 άπὸ
367 1906 436 1970 τῶν
463 1902 539 1987 περὶ
567 1899 629 1989 τὴν
659 1899 780 1991 ὀρθήν.
831 1906 987 1973 τοιοῦτον
1014 1905 1078 1990 γάρ

63 2009 134 2077 έστι
160 2005 198 2077 τὸ
228 2010 265 2077 ἐν
290 2014 450 2100 Πολιτείᾳ
476 2016 660 2096 τρίγωνον,
694 2000 735 2077 οὑ
763 2007 825 2096 τὴν
853 2009 965 2097 ὀρθὴν
988 2034 1078 2097 περι-

63 2116 197 2201 ἔχουσιν
221 2112 241 2182 5'
263 2139 299 2182 τε
322 2120 397 2202 τρία
419 2115 475 2182 καὶ
499 2113 517 2184 5
541 2116 696 2248 τέσσαρρι,
719 2113 887 2184 ὑποτείνει
910 2115 948 2185 δὲ
970 2113 1077 2203 αὐτὴν
1098 2135 1130 2186 ιο

61 2247 130 2291 οε
173 2220 211 2290 τὸ
241 2231 329 2308 γοῦν
357 2220 421 2290 ἀπὸ
449 2248 512 2290 του
535 2247 550 2288 ε
578 2222 788 2308 τετράγωνον
817 2229 892 2289 ἴσον
917 2223 986 2290 ἐστί
1009 2236 1079 2303 τοῖς

61 2324 118 2395 ἀπ’
144 2329 213 2397 ἐκεί
198 2333 292 2396 ί.νων
336 2338 438 2396 τοῦτο
466 2328 528 2414 μὲν
555 2325 620 2415 γάρ
651 2329 742 2394 ἐστιν
769 2333 876 2394 εἴκοσι
897 2326 1073 2411 πέντε,
1037 2354 1078 2395 τα

61 2431 108 2501 άπ
110 2431 275 2503 ’ἐκείνων
295 2432 384 2501 δὲ
351 2459 389 2502 το
413 2429 516 2520 μέν’
497 2431 562 2501 απὸ
587 2437 649 2501 τοῦ
670 2460 692 2519 γ
715 2441 750 2519 θ,
771 2429 810 2501 τὸ
834 2429 908 2500 δὲ’
890 2429 955 2501 απὸ
974 2436 1035 2501 τοῦ
1058 2423 1079 2500 δ

63 2540 246 2609 ἑκκαίδεκα.
279 2532 444 2627 σαφές
403 2565 467 2608 ουν
485 2538 522 2608 τὸ
542 2538 727 2626 λεγόμενον
746 2540 799 2607 έπί
817 2543 886 2609 τῶν
909 2536 1079 2628 ἀριθμῶν,

61 2648 311 2732 παραδέδονται
334 2645 372 2714 δὲ
394 2646 450 2713 καὶ
474 2647 620 2732 μέθοδοί
638 2673 728 2726 τινες
749 2650 809 2733 τῆς
829 2643 992 2732 εὑρέσεως
1008 2647 1077 2714 τῶν
1097 2666 1132 2716 20

60 2751 228 2821 τοιούτων
240 2750 427 2839 τριγώνων.
445 2751 508 2838 τὴν
522 2752 584 2839 μὲν
598 2757 645 2832 είς
654 2752 822 2822 Πλάτωνα
836 2750 1080 2840 ἀναπέμπονσι,

62 2855 126 2942 τὴν
163 2857 201 2927 δὲ
237 2864 284 2940 τίς
316 2857 542 2947 Πυθαγόραν·
588 2857 653 2928 άπὸ
686 2864 755 2928 τῶν
792 2863 955 2945 περιττῶν
987 2862 1078 2928 ἐστιν

64 2961 232 3051 ἀριθμῶν.
266 2970 381 3052 τίθησι
404 2962 469 3052 γὰρ
492 2962 553 3033 τὸν
577 2966 724 3033 δοθέντα
747 2962 902 3054 περιττὸν
920 2962 966 3046 ῶς
985 2964 1079 3033 έλάσ-

64 3088 151 3138 σονα
168 3074 238 3141 τῶν
254 3073 330 3160 περὶ
348 3072 411 3160 τὴν
431 3069 555 3159 ὀρθήν,
577 3072 633 3139 καί
652 3076 803 3159 λαβοῦσα
821 3070 882 3140 τὸν
899 3067 956 3138 ἄπ’
973 3069 1079 3140 αὐτοῦ

62 3175 275 3263 τετράγωνον
298 3179 354 3246 καὶ
377 3178 501 3247 τούτου
524 3178 656 3265 μονάδα
679 3177 852 3266 ἀφελοῦσα
873 3188 935 3246 τοῦ
955 3185 1079 3247 λοιποῦ
1097 3195 1132 3246 κο

64 3281 103 3351 τὸ
127 3280 231 3370 ἥμισυ
259 3289 375 3372 τίθησι
403 3288 472 3353 τῶν
499 3285 575 3373 περὶ
608 3282 669 3370 τὴν
702 3282 813 3371 ὀρθὴν
844 3281 904 3352 τὸν
936 3289 1080 3371 μείζονα.

63 3398 253 3477 προσθεῖσα
277 3388 314 3459 δὲ
336 3391 393 3458 καὶ
412 3389 519 3482 τούτῳ
539 3389 671 3477 μονάδα
689 3389 751 3477 την
771 3387 891 3477 λοιπὴν
909 3403 1001 3458 ποιεῖ
1016 3387 1080 3476 τὴν

135 3589 194 3639 149.
215 3585 245 3638 Ρ.

136 3767 178 3817 10.
197 3771 215 3817 ἃ
249 3758 403 3832 μουάδιΡ.
477 3767 520 3816 22.
540 3763 780 3832 ΠνθαγορίανΡ.
853 3769 895 3819 26.
916 3759 961 3837 τά]
980 3758 1071 3818 τόνΡ

99 3837 142 3888 27
159 3852 198 3903 πρ
240 3833 353 3890 εῖααΡ.
