2414 4236
248 503 404 557 scflom
420 505 460 557 IN
477 505 752 559 ELEMENTORUM
769 506 907 560 LIBRUM
920 508 954 561 X.
1038 504 1102 570 521

91 641 113 731 ἡ
138 644 176 713 δὲ
199 645 395 733 συγκειμένη
421 647 453 727 ἐξ
477 643 589 713 αὐτῶν
613 648 649 714 έκ
667 643 731 714 δύο
751 642 927 733 ὀνομάτων
945 655 1102 716 καλεῖται.

90 749 290 837 ἀμφοτέρων
322 757 440 821 τοίνυν
471 754 540 820 τῶν
569 747 703 838 ἀλόγων
731 751 795 821 είσλ
823 748 987 837 πρόγονοι
1018 749 1101 819 κατδι

92 856 279 944 διαφόρους
301 859 462 943 γενέσεως
483 856 637 946 τρόπους.

157 968 231 1033 246.
258 961 407 1033 ”ww
390 991 412 1052 η
436 972 502 1032 ΑΒ
530 959 729 1049 ἕξάπους,’
712 990 733 1051 η
758 962 796 1031 δ
818 969 885 1031 ΒΓ
907 962 1102 1044 πεντάπονς.

90 1077 181 1141 ἔστιν
206 1062 271 1139 οὖν
292 1067 313 1157 ἡ
333 1077 398 1138 ΑΒ
421 1074 480 1156 τῆς
498 1076 564 1138 ΒΓ
582 1073 790 1157 έπίπεμπτος.
826 1067 864 1138 τὸ
889 1067 966 1137 δὲ
949 1069 1015 1139 υπὸ
1034 1097 1102 1140 των
1140 1089 1157 1139 ο

90 1184 171 1263 ΑΒ,
194 1183 260 1247 ΒΓ
288 1178 416 1246 έστιλ·
455 1175 563 1258 ἑξάκις
594 1175 659 1264 γδιρ
687 1184 755 1246 ἑλ
807 1173 844 1244 τδ
878 1175 966 1244 δὲ’
947 1174 1012 1246 απὸ
1044 1180 1104 1264 τῆς

91 1295 119 1355 Β
127 1290 212 1356 Γ
175 1307 225 1353 κε·
252 1281 407 1363 πεντάκις
429 1281 493 1371 γάρ
516 1286 672 1353 πέντε“
636 1310 681 1352 κε.
726 1280 821 1352 καὶ’
806 1310 823 1352 ο
848 1273 913 1350 st
891 1309 958 1372 αρα
980 1286 1042 1352 τοῦ
1064 1287 1102 1352 ιῖε

91 1390 290 1480 έπίπεμπτός
313 1393 418 1476 έστιν,
447 1390 494 1470 ὡς
516 1387 621 1478 ἔχει’
605 1417 626 1476 η
649 1397 716 1458 ΑΒ
744 1387 828 1477 πρὸς
849 1386 911 1476 τὴν
934 1396 1005 1458 ΒΓ.
1051 1392 1105 1458 δεῖ

93 1500 130 1568 δὲ
152 1498 212 1578 τὰς
234 1496 377 1585 πλευρὰς
400 1503 517 1583 λαβεῖν
538 1501 600 1565 τοῦ
620 1502 639 1569 ξ
660 1497 751 1565 καλε
774 1496 830 1564 καί
849 1504 1028 1565 συνθεῖναι
1046 1496 1102 1563 καί

92 1602 178 1691 ὁρᾶν
201 1601 262 1691 τὴν
285 1617 475 1692 γεγονυῖαν.
1124 1622 1158 1673 10

158 1714 232 1780 247.
270 1718 337 1779 Δεῖ
357 1713 499 1796 εἰδέναι,
531 1708 584 1780 ὅτι
612 1713 647 1779 οί
671 1712 854 1796 ἐκκείμενοι
878 1708 1019 1796 ἀριθμοὶ
1043 1706 1103 1782 ὁξ

91 1819 146 1886 καὶ
171 1815 229 1887 δε
258 1816 319 1887 οὐκ
343 1817 430 1887 είσλν
453 1820 491 1885 αλ
513 1818 610 1905 ῥηταὶ
632 1816 773 1904 πλευραί
801 1819 839 1885 αί
859 1815 1001 1902 δυνάμει
1024 1816 1103 1904 σύμ

90 1952 215 2012 μετροι,
234 1922 318 1995 άλλδι
339 1923 438 2014 χάριν
455 1927 514 2011 τῆς
526 1927 731 2010 κατασκευῆς
743 1947 827 2010 προς
840 1920 878 1992 τὸ
893 1919 1103 1992 εὐσύνοπτον

93 2029 198 2117 αὐτὴν
216 2033 376 2115 γενέσθαι
391 2031 598 2118 έλήφδησαν.
631 2035 685 2102 δελ
697 2029 734 2098 δὲ
749 2036 865 2116 λαβεῖν
877 2028 941 2116 τὴν
955 2028 1104 2117 πλευρὰν

92 2140 153 2203 τοῦ
176 2146 198 2221 ῆ
221 2134 296 2206 ἀντὶ
319 2140 381 2206 τοῦ
399 2144 476 2223 ΑΒ,
499 2134 561 2224 τὴν
585 2136 622 2205 δὲ
645 2136 792 2224 πλευρὰν
815 2140 877 2205 τοῦ
901 2142 921 2209 ’ς’
943 2134 1018 2205 άντὶ
1041 2139 1101 2204 τοῦ
1123 2155 1158 2205 1⁶

94 2247 170 2309 ΒΓ·
205 2242 311 2322 οὕτως
337 2240 401 2329 γάρ
429 2244 467 2309 αί
490 2242 553 2329 μὲν
580 2243 720 2330 πλευραὶ
744 2247 876 2312 ἔσονται
899 2241 1104 2330 ἀσύμμετροι

92 2347 190 2435 μήκει
208 2347 281 2435 ἦτοι
304 2348 349 2436 μὴ
373 2353 510 2437 έχουσαι
531 2348 651 2418 κοινδν
674 2349 794 2436 μέτρον
818 2347 903 2435 μηδὲ
924 2346 1039 2433 λόγον,
1063 2345 1105 2416 ὃν

93 2452 240 2543 ἀριθμὸς
261 2454 346 2543 πρὸς
364 2452 524 2543 ἀριθμόν,
547 2456 631 2544 μηδὲ
648 2455 689 2523 τὰ
709 2452 764 2524 ἀπ’
785 2451 898 2523 αὐτῶν
916 2452 1105 2541 τετράγωνα

93 2560 166 2647 ἤτοι
183 2587 236 2646 οη
255 2558 343 2630 καὶ
328 2589 347 2631 ο
361 2568 381 2636 ξ
400 2564 504 2650 λόγον
522 2558 684 2649 ἔχοντα,
675 2560 715 2630 δν
733 2561 940 2692 τετράγωνος
957 2557 1104 2648 ἀριθμὸς

93 2665 177 2755 πρὸς
199 2666 410 2755 τετράγωνον
433 2667 593 2757 άριθμόν
633 2674 703 2737 ἔστι
723 2665 794 2738 δὲ’
778 2696 799 2756 η
818 2667 880 2755 μὲν
897 2665 1024 2754 πλευρά
1042 2669 1103 2735 τοῦ
1124 2688 1160 2739 εο

91 2764 418 2863 ῆβνῖιῖδιλδ
440 2764 726 2863 τοῦέδκῑνι

159 2884 234 2951 248.
277 2886 352 2948 Μία
380 2879 486 2968 μέν’
468 2909 489 2970 η
519 2885 717 2969 συγκειμένη
751 2885 786 2951 έκ
819 2885 929 2970 ῥητῶν
965 2881 1106 2971 δυνάμει

93 2986 200 3073 μόνον
223 2985 476 3074 συμμέτρων,“
455 3014 526 3074 ητις
548 2989 676 3075 λέγεται
701 2991 736 3057 έκ
758 2989 821 3059 δύο
846 2987 1033 3078 ὀνομάτων.

160 3097 235 3162 249.
270 3090 402 3179 Ἐπειδὴ
425 3091 463 3162 τδ
488 3094 540 3174 δὶς
563 3091 629 3164 ὑπὸ
657 3099 726 3163 τῶν
749 3103 831 3181 ΑΒ,
854 3103 920 3166 ΒΓ
941 3110 1012 3176 τοῖς
1039 3093 1104 3165 άπὸ

92 3203 160 3268 τῶν
183 3205 261 3285 ΑΒ,
284 3206 352 3270 ΒΓ
370 3197 583 3288 ἀσύμμετρόν
607 3204 708 3288 ἐστιν,
733 3201 888 3289 εὔδηλον,
912 3201 963 3272 ὅτι
987 3203 1042 3271 καί
1064 3203 1102 3273 τὸ
1123 3229 1157 3278 25

94 3311 314 3391 συγκείμενον
337 3307 372 3373 ἐκ
395 3309 464 3375 τῶν
488 3308 540 3388 δὶς
561 3307 627 3377 ὑπὸ
651 3312 719 3378 τῶν
743 3316 821 3396 ΑΒ,
844 3316 911 3378 ΒΓ
933 3308 1014 3397 μετὰ
1037 3314 1106 3380 τῶν

92 3409 159 3479 άπὸ
183 3414 251 3478 τῶν
270 3417 347 3498 ΑΒ,
366 3418 439 3497 ΒΓ,
462 3419 560 3484 τοῦτο
586 3413 627 3500 δὴ
650 3413 688 3483 τὸ
712 3419 781 3483 πᾶν
803 3413 1018 3503 ἀσύμμετρόν
1036 3417 1106 3485 ἐστι

165 3612 225 3661 κιο.
246 3604 388 3678 v⁸q(P¹).
479 3614 539 3665 ιιι.
560 3627 586 3679 q.
674 3615 735 3666 248.
756 3606 804 3665 Vb.
877 3616 937 3667 κιο.
956 3610 1106 3681 v·q(P²);

93 3677 129 3733 ad
148 3681 309 3747 p.108,10.

165 3862 190 3910 2.
210 3851 332 3928 άλδγων]
352 3856 396 3912 δίο
415 3856 459 3912 V?
