2414 4236
228 528 385 578 scHOLIA
403 529 442 580 IN
460 527 735 579 ELEMENTORUM
753 528 892 580 LIBRUM
905 530 938 582 X.
1021 526 1086 593 563

73 667 157 754 πρὸς
183 667 395 754 τετράγωνον
423 664 586 753 ἀριθμόν·
624 664 755 754 εὐχερὲς
783 667 821 734 δέ
852 677 965 737 τοῦτο·
1003 667 1087 738 ὥστε

75 772 92 842 ὀ
117 782 162 860 Ε,
191 775 259 842 ἐπεὶ
284 771 346 842 οὐκ
374 778 443 841 ἔστι
470 772 694 860 τετράγωνος,
721 770 802 840 οὐδὲ
829 775 914 860 πρὸς
940 773 1000 842 τὸν
1026 781 1088 844 ΓΔ

73 881 176 968 λόγον
201 882 280 965 ἕξει,
308 877 348 948 ὃν
371 880 579 964 τετράγωνος
602 877 749 966 ἀριθμὸς
771 878 854 967 πρὸς
876 879 1088 967 τετράγωνον

75 986 234 1075 άριθμόν.
979 1076 981 1080 λ

138 1097 213 1160 402.
245 1090 386 1177 Ἐλιάστη
414 1091 565 1179 ἀποτομὴ
595 1095 687 1159 ἰδίαν
715 1097 780 1179 ἔχει
808 1091 869 1178 τὴν
899 1094 1086 1182 προσαρμό·
1123 1118 1140 1166 5

73 1206 199 1282 ζουσαν
227 1195 310 1284 αὐτῇ
339 1194 479 1265 εὐθεῖαν
511 1198 565 1265 καὶ
594 1195 677 1283 ὅλην
705 1196 811 1284 ῥητὴν
837 1199 893 1266 καὶ
922 1200 997 1287 οὐχὶ
1025 1200 1086 1288 τὴν

72 1310 254 1393 τυχοῦσαν·
278 1307 377 1372 τοῦτο
401 1302 563 1391 ἡμέτερον
587 1303 696 1390 νόημα
719 1301 764 1384 ὡς
786 1307 870 1392 πρός
892 1333 923 1374 τι
946 1307 1002 1374 καὶ
1026 1305 1086 1395 οὐχ

73 1410 117 1491 ὡς
140 1417 264 1498 ἔτυχεν.

139 1520 213 1584 403.
250 1521 299 1584 Ac
319 1516 444 1604 άλογοι.

138 1624 221 1709 μέση
250 1622 327 1690 δύο·
364 1625 400 1692 ἐκ
432 1623 495 1692 δύο
526 1621 702 1710 ὀνομάτων
730 1622 774 1709 μ’.
814 1626 850 1691 ἐκ
883 1625 946 1692 δύο
975 1626 1086 1712 μέσων
1107 1648 1140 1698 10

71 1729 184 1817 πρώτη
210 1731 253 1798 δ’·
277 1732 312 1797 έκ
336 1728 398 1798 δύο
422 1732 534 1816 μέσων
561 1731 698 1815 δευτέρα
717 1728 755 1796 ε’·
779 1734 900 1815 μείζων
918 1728 960 1801 ς’.
984 1729 1086 1817 ῥητὸν

70 1838 126 1904 καὶ
149 1837 253 1923 μέσον
281 1837 451 1923 δυναμένη
476 1836 515 1918 ζ’.
564 1838 625 1904 δύο
655 1837 739 1922 μέσα
767 1837 938 1922 δυναμένη
961 1836 1007 1923 η’.
1052 1840 1087 1907 ἐκ

71 1947 132 2010 δύο
157 1941 334 2029 ὀνομάτων
358 1943 392 2011 α’
412 1943 461 2012 θ’.
494 1945 530 2010 έκ
555 1945 618 2011 δύο
642 1942 820 2029 ὀνομάτων
840 1942 874 2029 β’
896 1943 930 2010 ι’.
967 1943 1085 2012 ἐκδύο

71 2045 248 2134 ὀνομάτων
271 2048 305 2134 γ’
330 2048 386 2115 ια’.
433 2051 469 2115 έκ
499 2049 562 2116 δύο
591 2045 768 2135 ὀνομάτων
801 2050 835 2115 δ’
859 2047 915 2134 ιβ’.
961 2050 1086 2117 ἐκδύο

71 2153 293 2240 ὀνομάτωνε’
307 2156 362 2238 ιγ’.
400 2157 436 2222 ἐκ
450 2153 546 2223 δυο
530 2157 740 2243 ονοματωνς
746 2154 825 2222 ”.ιδ
862 2153 1083 2242 άποτομὴιεῖ
1104 2178 1137 2227 ισ

70 2261 171 2390 μέσης
185 2258 381 2347 άποτομηα’
394 2259 449 2332 ις.
473 2263 575 2347 μέσης
588 2257 844 2348 άποτομηβί.ζ’
870 2260 1021 2328 ἐλάσσων
1034 2260 1087 2348 ιη’

68 2395 90 2455 η
118 2368 198 2454 μετὰ
228 2371 333 2455 ῥητοῦ
362 2371 465 2452 μέσον
492 2367 531 2436 τὸ
560 2365 640 2437 ὀλον
667 2370 811 2436 ποιοῦσα
844 2367 906 2434 ιδ’.
957 2394 977 2452 η
1005 2365 1087 2455 μετὰ

69 2477 174 2560 μέσου
188 2477 291 2561 μέσον
305 2478 344 2544 τὸ
360 2476 441 2543 ὅλον
455 2472 648 2559 ποιοῦσα,’
630 2475 779 2559 αποτομὴ
795 2470 921 2559 πρώτη,
937 2475 1086 2559 δευτέρα,

68 2585 180 2664 τρίτη,
202 2579 356 2666 τετάρτη,
379 2582 525 2665 πέμπτη,
550 2581 634 2665 ἕκτη.

432 2776 487 2840 Ad
511 2799 617 2861 prop.
641 2775 723 2840 XCI.

137 2990 211 3054 404.
244 2982 373 3162 ἩρλΒ
465 2982 485 3071 ἡ
509 2990 576 3052 ΒΓ
595 2917 646 3055 ὀΛ

596 3093 643 3161 ΟΡ

136 3184 210 3249 405.
239 3178 351 3247 Ἕοικε
377 3179 417 3246 τά
446 3183 507 3247 τοῦ
532 3179 673 3246 δεκάτου
695 3184 831 3266 βιβλίου
853 3181 910 3246 καὶ
934 3181 1084 3248 ἐπέκεινα

66 3285 229 3354 άδίδακτα
248 3284 312 3371 πρὸ
331 3288 465 3353 πολλῶν
484 3287 611 3372 μενέων
631 3298 741 3371 μεῖναι
762 3284 807 3353 δι’
828 3284 1000 3373 άμέλειαν·
1028 3286 1082 3356 διό
1102 3310 1137 3361 νο

68 3391 180 3460 καὶ
146 3418 186 3459 τα
211 3390 443 3478 διαγράμματα
466 3389 581 3460 αὐτῶν
609 3393 814 3478 ἐσφαλμένα,
843 3392 899 3460 καὶ
923 3390 1004 3460 οὐδὲ
1025 3391 1085 3474 τὰς

67 3496 355 3625 παράσημα-τάσεις
377 3503 502 3585 έχουσι,
527 3488 623 3565 δι’
595 3525 644 3565 ων
669 3501 868 3568 δείκνυνται.

101 3657 266 3784 ⁴10402BV
339 3663 398 3712 403.
418 3657 457 3712 V⁰
471 3660 520 3728 (ξ).
589 3662 649 3712 404.
670 3655 851 3729 vbpdapp.
866 3678 906 3714 nr.
922 3666 998 3731 23p.
1010 3664 1083 3733 400).

67 3833 76 3839 ⁵
120 3833 182 3926 nlo.
203 3868 267 3941 δύο]
290 3873 353 3940 (pr.)
372 3888 424 3926 scr.
443 3867 472 3943 β’
492 3871 530 3941 (h.
547 3889 569 3928 e.
585 3869 719 3944 δευτέρα)
792 3878 840 3927 m.
858 3869 1017 3992 δχεέἵ.

888 3966 931 4016 30
