2424 4320
136 487 202 553 342
279 488 437 541 scflom
454 489 494 542 m
512 489 787 543 ELEMEN'PORUM
805 490 945 543 LIBRUM
956 490 1004 543 VI.

134 626 390 715 τετραπλεύροις
412 625 627 717 ὀρθογώνιον
650 629 759 715 λέγων
782 626 821 696 τὸ
844 626 904 710 τὰς
924 633 1051 716 γωνίας
1074 634 1154 719 ἔχον

134 731 244 820 ὀρθάς
277 735 434 821 δηλονότι
466 735 522 802 καὶ
553 734 612 814 τάς
639 736 817 822 τέσσαρας,
849 734 897 815 ώς
926 732 1067 822 άληθῶς
1097 735 1155 803 καὶ

134 837 350 927 ὀρθογώνιον
379 838 508 927 ὀφείλει
537 839 696 926 λέγεσθαι
722 841 761 908 τό
794 843 872 927 ἔχον
902 837 961 919 τὰς
992 839 1029 908 ίν
1062 835 1153 932 αὐτῷ

133 945 243 1026 πάσας
260 952 385 1033 γωνίας
403 944 522 1034 ὀρθάς.
558 946 647 1029 λέγει
665 944 728 1032 μὲν
741 942 806 1032 γάρ
820 945 876 1012 καί
891 945 928 1013 ἐν
941 943 1156 1032 τριπλεάροις

99 1072 115 1122 σ
135 1053 363 1140 ὀρθογώνιον,
386 1051 471 1121 άλλά
495 1050 534 1121 τὸ
560 1057 637 1139 ἔχον
659 1056 741 1138 μίαν
764 1047 893 1138 ὀρθήν,
920 1049 1007 1120 σιότι
1030 1047 1073 1120 οὐ
1097 1055 1154 1121 δυ·

133 1161 239 1229 νατόν
257 1161 314 1228 καί
329 1160 490 1248 δευτέραν
506 1156 618 1246 ὀρθὴν
637 1159 799 1239 δέξασθαι
817 1155 856 1226 τὸ
874 1163 1052 1244 τρίγωνον.
1083 1161 1154 1239 πώς

36 1340 44 1372 e
133 1263 199 1353 γάρ
222 1264 282 1346 τάς
303 1278 392 1351 τρεῖς
415 1270 493 1353 ἔχον
518 1264 581 1333 δύο
605 1262 727 1351 ὀρθαῖς
749 1271 834 1350 ίσας,
857 1262 903 1345 ὡς
921 1261 1154 1332 ἀποδέδεικται

133 1376 179 1463 τῷ
202 1374 356 1464 τεχνικῷς
388 1368 474 1439 ώστε
498 1368 713 1457 ὀρθογώνιον
735 1375 860 1457 κυρίως
881 1367 944 1455 μὲν
966 1367 1088 1455 λέγοιτ’
1109 1364 1154 1439 άν

133 1475 171 1545 τό
194 1476 304 1558 πάσας
332 1476 526 1564 δυνάμενον
554 1472 661 1562 ὀρθάς
690 1480 793 1562 ἔχειν,
820 1479 1089 1564 καταχρηστικῶς
1117 1475 1156 1546 δὲ

83 1603 116 1652 10
134 1584 191 1650 καὶ
223 1580 261 1651 τὸ
290 1585 324 1665 ἐξ
350 1579 500 1669 άνάγκης
531 1581 703 1666 ἐλάττους,
735 1577 781 1661 ώς
811 1580 849 1650 τὸ
878 1583 915 1650 ἐν
942 1581 1156 1672 τριπλεόροις

135 1687 351 1775 ὀρθογώνιον
373 1693 550 1775 τρίγωνον.
586 1689 657 1756 ἐπεὶ
681 1678 745 1755 οὖν
767 1685 964 1775 ὀρθογώνια
984 1688 1021 1756 ἐν
1038 1715 1155 1778 τετρα·

134 1797 291 1880 πλεύροις
312 1793 353 1863 τά
376 1793 433 1862 καὶ
455 1792 515 1873 τὰς
537 1783 564 1861 5
589 1789 697 1878 ὀρθάς
723 1795 864 1863 ἕκαστον
886 1795 1006 1880 ἔχοντά
1030 1822 1156 1883 φαμεν,

135 1896 372 1986 ὁσαδηποτοῦν
395 1897 460 1986 άρα
485 1895 677 1986 εὑρεθῶσιν
699 1897 896 1986 ὀρθογώνια
918 1899 1156 1990 τετράπλευρα,

135 2006 168 2086 ἐξ
191 2002 340 2091 άνάγκης
361 2006 417 2073 καὶ
442 2005 606 2092 ίσογώνιά
629 2010 724 2074 είσιυ.

83 2129 115 2178 15
202 2114 255 2179 29.
294 2109 409 2192 Οὕτως
426 2109 640 2200 λεγόμενος
626 2139 644 2180 ο
663 2111 764 2198 λόγος
784 2107 980 2199 όρθότερος
1002 2111 1156 2202 τῶνγὰρ

134 2213 249 2286 αὐτών
272 2219 614 2287 κατασκευασθέντων
642 2221 715 2287 ἐπεί
736 2222 800 2286 είσι
828 2217 868 2284 τά
893 2223 975 2303 ΒΗ,
1001 2224 1068 2286 ΔΘ
1097 2226 1156 2287 ἴσα

134 2324 228 2392 καὶί
215 2323 388 2410 ἰσογώνια,
410 2335 480 2394 των
505 2324 542 2392 δὲ
561 2332 645 2393 ἴσων
663 2325 752 2392 καὶί
752 2328 881 2409 σογωνί
880 2350 927 2390 ων
946 2331 1156 2410 παραλληλο-

134 2430 299 2517 γράμμων
322 2428 592 2499 ἀντιπεπόνθασι
613 2428 727 2498 καὶ
693 2457 733 2499 τα
757 2429 841 2516 ἑξῆς.

487 2627 543 2690 Ad
566 2648 671 2711 prop.
695 2624 801 2691 XVII.

82 2766 116 2816 το
202 2751 254 2817 30.
279 2745 425 2816 νοἱίστω
407 2774 427 2834 η
448 2746 557 2835 μένΑ
575 2739 785 2835 άριθμώνθ,
808 2775 829 2834 η
817 2747 930 2816 “ὁὲΒ
950 2745 1154 2835 άριθμώνξ,

134 2850 219 2940 ἡδὲ
242 2844 507 2983 Γάριθμώνό,
531 2851 576 2933 ὡς
597 2852 638 2922 τά
661 2864 688 2922 θ
711 2852 795 2941 πρὸς
816 2851 857 2921 τά
881 2859 915 2940 5,
940 2853 1047 2933 οὕτως
1068 2852 1154 2926 vbi

135 2958 219 3045 πρὸς
247 2959 287 3027 τά
312 2952 424 3029 (1.τό
452 2964 538 3047 γοῦν
565 2957 632 3027 ὑπὸ
660 2963 729 3028 τών
752 2969 779 3027 θ
806 2959 862 3027 καὶ
883 2950 916 3026 ὀ
936 2957 1153 3046 ὀρθογώνιον

136 3073 212 3134 ίσον
228 3066 356 3134 ἐστὶ
310 3092 356 3134 τω
372 3063 436 3134 άπὸ
455 3069 523 3134 τών
539 3070 559 3137 5
575 3065 786 3158 τετραγώνω·
809 3063 960 3151 τετράκις
976 3064 1042 3154 γάρ
1061 3075 1087 3134 θ
1101 3070 1152 3151 λς,

134 3171 190 3238 καὶ
214 3171 323 3253 εξάκις
344 3174 378 3254 ἓξ
401 3176 450 3244 λξ.

81 3314 115 3364 25
500 3297 556 3363 Ad
580 3319 684 3382 prop.
707 3296 796 3363 XIX.

202 3423 255 3488 31.
297 3416 394 3487 Οὕτω
423 3419 465 3506 δὴ
493 3421 594 3488 τοῦτο
622 3420 739 3505 σαφώς
770 3415 1009 3503 κατελάβομεν·
1051 3415 1151 3504 ὅμοια

134 3524 283 3613 τρίγωνά
307 3522 448 3612 είσιν,“
429 3547 492 3594 οσα
515 3525 574 3605 τάς
591 3550 626 3593 τε
644 3530 771 3612 γωνίας
790 3531 864 3604 ίσας
884 3522 1050 3610 ἔχεικατὰ
1070 3529 1151 3610 μίαν

207 3689 251 3741 29.
271 3683 404 3754 1(νίον);
423 3683 547 3754 pertinet
565 3684 601 3738 ad
620 3683 692 3754 IIp.
709 3687 768 3750 120,
785 3687 826 3736 12
900 3687 942 3737 30.
962 3682 988 3736 b.
1061 3689 1103 3738 31
1124 3685 1151 3739 b.

209 3832 233 3879 6.
257 3827 334 3898 πῶς]
353 3824 463 3895 εοτίριὶς
486 3825 517 3879 in
535 3827 548 3878 1
566 3822 706 3894 seriptum
724 3822 845 3891 incerta3
870 3822 918 3878 sed
938 3822 973 3877 de
991 3841 1013 3878 π
1031 3826 1153 3881 constat.
