2424 4320
139 487 206 553 690
413 487 596 539 mmm
613 484 852 539 scnomomm
864 486 887 538 1.

138 634 198 697 καί
218 631 305 696 είσιν
334 634 400 696 ίσα.
440 625 502 695 ἐὰν
529 617 594 694 οόν
623 628 790 712 διαχθώσι
815 623 990 711 διάμετροι
1013 623 1161 692 ἐπὶτῶν

140 731 360 822 τετραγώνων
374 730 430 812 ,ώς
451 732 613 818 γενέσθαι
635 730 698 817 τὴν
721 734 783 800 τοῦ
806 730 883 811 ένδς
903 732 1051 799 κάθετον
1073 731 1164 818 πρὸς

141 840 201 919 τὰς
222 843 291 907 τών
314 843 443 908 λοιπῶν
467 836 547 923 δύο,
575 837 805 924 δειχθήσεται,
833 834 879 918 ώς
904 837 960 905 καὶ
982 837 1074 924 παρὰ
1097 843 1164 907 τοῦ

141 949 356 1033 στοιχειωτοῦ
378 947 516 1031 ἐδείχθη
539 945 591 1028 [έν
612 946 667 1033 τῇ]
695 948 758 1013 τοῦ
782 941 967 1031 ὀκταέδρου
989 943 1162 1013 συστάσει

106 1076 123 1123 σ
210 1056 241 1121 5.
282 1049 329 1118 Τὰ
351 1051 473 1137 κέντρα
495 1060 564 1117 τῶν
586 1050 663 1135 περὶ
684 1048 725 1118 τά
745 1054 893 1138 τρίγωνα
915 1048 1059 1118 κύκλων.
1105 1048 1162 1137 ἤχ-

141 1167 263 1226 θωσαν
284 1169 357 1237 ταῖς
379 1153 498 1241 βάσεσι
515 1158 584 1224 τών
604 1153 777 1242 τριγώνων
795 1155 1004 1243 παράλληλοι
1023 1157 1062 1222 αί
1080 1161 1160 1239 ΗΘ,

143 1271 220 1348 ΘΚ,
234 1268 269 1330 Κ
272 1271 315 1347 Α,
329 1270 361 1328 Λ
365 1268 409 1329 Η.
436 1259 786 1349 παραλληλόγραμμον
801 1259 868 1348 ἄρα
881 1262 951 1330 ἐστὶ
964 1259 1001 1330 τὸ
1018 1266 1161 1329 ΗΘΚΛ

142 1370 401 1457 τετράπλευρον·
437 1363 523 1435 ἀλλὰ
550 1366 606 1434 καὶ
629 1365 845 1451 ἰσόπλευρον·
880 1365 943 1436 τὸν
964 1364 1031 1454 γὰρ
1054 1364 1161 1436 αὐτὸν

143 1477 248 1561 λόγον
271 1478 408 1562 ἔχουσιν
430 1475 468 1540 αί
484 1471 600 1558 βάσεις
617 1476 686 1540 τών
704 1471 881 1558 τριγώνων
900 1471 983 1559 πρὸς
1000 1472 1061 1553 τὰς
1078 1497 1161 1560 καρ·

92 1603 126 1653 10
145 1581 309 1668 αλλήλους
332 1578 389 1646 διὰ
412 1576 476 1663 τὴν
500 1576 647 1664 ίσότητα.
683 1573 769 1645 ἀλλὰ
791 1577 848 1645 καί
867 1575 1086 1666 ὀρθογώνιον
1105 1576 1162 1646 διὰ

144 1685 182 1754 τὸ
207 1685 233 1752 ι’
256 1688 319 1753 τοῦ
342 1682 401 1752 ια’.
770 1698 780 1722 ’

212 1795 241 1860 6.
269 1788 341 1858 Ὅτι
363 1789 402 1858 δὲ
424 1786 653 1876 ὀρθογώνιον,
676 1793 781 1876 δῆλον
805 1790 979 1859 ἐντεῦθεν·
1002 1789 1075 1859 ἐπεὶ
1095 1789 1162 1877 γόιρ

145 1903 194 1978 είς
210 1897 273 1984 τὴν
287 1901 358 1964 ΠΟ
376 1891 495 1963 εὐθεῖα
513 1892 534 1982 ἡ
549 1901 584 1963 K
588 1903 619 1962 Α
638 1896 808 1982 ἐφέστηκε,
826 1895 886 1977 τὰς
904 1898 1023 1983 ἐφεξῆς
1035 1901 1163 1983 γωνίας

145 2002 205 2083 τὰς
226 1999 292 2070 ὑπὸ
313 2007 352 2068 Π
353 2007 433 2087 ΛΚ,
453 2006 487 2066 K
492 2008 523 2067 Α
530 2007 559 2067 0
581 2001 682 2069 δυσὶν
706 1997 828 2089 ὀρθαῖς
851 2011 924 2082 ίσας
943 2003 1089 2090 ποιήσει·
1113 1993 1162 2071 ών

94 2128 127 2178 15
147 2112 184 2176 αί
210 2105 275 2176 ὑπὸ
304 2112 424 2191 ΚΛΘ,
452 2113 573 2174 ΜΛΙΙ
599 2109 659 2195 μιᾷ
687 2104 778 2195 ὀρθῇ
807 2115 889 2175 ίσαι·
926 2108 1067 2195 ἑκατέρα
1098 2107 1161 2194 γὰρ

145 2213 279 2301 ἡμίσεια
303 2213 423 2299 ὀρθῆς·
455 2211 555 2299 λοιπὴ
578 2210 645 2297 άρα
668 2209 689 2298 ἡ
713 2212 780 2281 ὑκὸ
805 2220 922 2281 ΚΛΜ
947 2211 1038 2300 ὀρθή
1062 2217 1163 2284 ἐστιν.

146 2318 306 2400 ὡσαύτως
326 2319 383 2387 καὶ
406 2321 444 2385 αί
464 2323 586 2386 λοιπαί.

215 2431 244 2494 7.
276 2425 350 2511 Ἴση
378 2422 444 2511 άρα
471 2421 492 2509 ἡ
516 2431 584 2492 ΝΘ
610 2428 651 2512 τῇ
676 2430 749 2491 ΜΘ
776 2450 806 2511 p.
830 2429 887 2514 44,
913 2429 966 2509 12]
996 2427 1069 2495 ἐπεὶ
1097 2434 1163 2515 τρί·

146 2558 259 2619 γωνον
284 2528 486 2615 ίσόιιλενρόν
514 2531 583 2597 ἐστι
610 2531 649 2597 τὸ
673 2537 739 2599 BA
746 2537 787 2616 Γ,
821 2532 882 2600 δύο
907 2532 1007 2601 δυσὶν
1031 2531 1162 2603 εὐθεῖαι

93 2659 129 2710 20
148 2643 186 2706 αί
206 2645 284 2723 BA,
302 2641 379 2719 ΑΘ,
403 2639 473 2718 ΓΑ,
492 2641 558 2701 ΑΘ
581 2642 651 2701 ίσαι
674 2639 748 2704 είσί.
793 2636 849 2703 καὶ
870 2637 969 2722 βάσις
991 2639 1012 2724 ἡ
1038 2647 1102 2708 ΘΒ
1123 2650 1162 2728 τῇ

147 2749 214 2813 ΘΓ
233 2751 301 2828 ίση·
330 2743 366 2809 έκ
388 2740 529 2826 κέντρου
552 2738 617 2825 γὰρ
639 2744 700 2808 τοῦ
724 2742 799 2827 περὶ
816 2743 854 2810 τὸ
874 2749 977 2812 ΑΒΓ
994 2753 1163 2833 τρίγωνον

147 2848 284 2918 κύκλον.
328 2854 398 2913 ἴσαι
421 2843 487 2932 άρα
510 2848 547 2912 αί
572 2842 638 2914 ὑπὸ
663 2854 777 2932 ΒΑΘ,
801 2853 906 2934 ΘΑΓ
927 2857 1060 2934 γωνίαι.
1106 2851 1164 2921 διὰ

147 2959 247 3025 τοῦτο
273 2952 315 3039 δὴ
338 2952 394 3019 καί
416 2948 438 3036 ἡ
462 2950 560 3036 βάσις
581 2951 789 3038 τμηθήσεται
813 2957 899 3042 δίχα.

216 3065 246 3129 8.
288 3058 336 3125 Τὰ
363 3058 485 3142 κέντρα
516 3061 584 3125 τών
616 3057 813 3145 ἐφεστώτων
840 3061 1062 3148 τετραγώνων
1089 3063 1167 3152 ἤτοι

94 3188 130 3238 25
148 3171 218 3237 τών
239 3167 372 3234 κύκλων
394 3173 464 3231 τών
483 3163 558 3250 περὶ
576 3169 681 3233 ταῦτα
699 3165 923 3252 γραφομένων
942 3163 963 3252 ἢ
982 3167 1023 3236 τά
1043 3185 1165 3259 σημεῖα

150 3281 279 3362 μᾶλλον
306 3269 362 3355 τά,
395 3266 440 3336 δι’
471 3261 520 3337 ών
550 3272 588 3337 αἱ
613 3274 790 3357 διηγμέναι
817 3272 949 3341 εόθείαι
982 3277 1167 3362 τέμνουσιν

149 3377 301 3465 ἀλλήλας.

223 3544 248 3593 σ.
267 3536 305 3590 V²
325 3537 372 3603 (οδ
390 3555 417 3607 p.
437 3542 482 3606 44,
500 3536 587 3604 4sq.).
685 3542 710 3592 6.
733 3537 773 3592 V²
795 3538 915 3608 (nescio,
934 3557 989 3608 quo
1008 3542 1168 3611 pertineam

151 3608 264 3664 litterae
283 3607 386 3662 nullibi
399 3609 589 3677 conueniunt).
662 3613 687 3663 7.
706 3608 754 3663 V'.
826 3614 851 3665 8.
872 3609 919 3665 V².

222 3757 247 3803 4.
268 3746 300 3804 ἐν
319 3751 366 3822 τῇ]
385 3765 466 3806 enan.
484 3749 518 3804 V.
587 3754 612 3805 7.
631 3745 700 3822 ἄρα]
721 3767 736 3805 e
756 3767 825 3809 corr.
845 3751 879 3807 V.
939 3758 982 3806 22.
1002 3754 1074 3826 ἴσαι]
1094 3771 1167 3811 corr.

144 3837 182 3881 ex
199 3822 247 3897 ίοη
268 3820 301 3879 V.
376 3818 425 3897 αἶ]
443 3836 529 3894 supra
545 3838 599 3877 εοτ.
616 3820 650 3875 V.
