2414 4236
138 482 205 549 292
274 482 450 565 gscnom
466 482 508 539 m
523 478 800 569 mmm
816 480 957 537 ειειιοιι
968 482 1003 537 v.

138 621 377 710 τετραπλάσιος
408 618 458 693 ιδν
489 623 553 693 τοῦ
583 616 651 693 διδ
682 625 753 703 τῶν,
783 624 940 711 πλσορὸν
975 624 1157 692 διπλασίου

140 728 239 811 ὄντος
266 727 443 809 διπλάσιός
469 729 575 798 ἐστιν·
610 730 674 799 τοῦ
698 724 764 819 γὰρ
790 720 973 799 διπλασίου
999 722 1020 796 6
1043 750 1158 815 τετρα·

139 837 279 917 πλάσιος
302 834 485 915 διπλάσιος.
719 866 725 875 ·
992 914 996 919 ,

208 945 261 1011 30.
295 937 374 1009 Ἐάν
397 937 544 1029 άριδρδς
567 941 620 1023 δὶς
638 940 784 1030 ληφθείς
803 942 909 1033 γεννᾷ
928 964 1017 1027 τινα,
1040 934 1060 1008 6
1081 963 1158 1028 γεν-

106 1048 261 1135 ονηδεὶς
284 1044 460 1128 διπλάσιός
482 1048 552 1116 δστι
573 1048 637 1117 τοῦ
656 1044 896 1135 γιννάσαιτος,
918 1038 995 1115 ολον
1017 1040 1037 1115 6
1060 1034 1083 1115 δ
1104 1044 1159 1125 δλς

140 1151 286 1240 ληφθεὶς
317 1152 474 1241 γεννήσει
504 1151 567 1223 τόν
594 1163 632 1242 ἦ,
663 1146 702 1235 δς
728 1154 800 1223 ἐστι
824 1150 950 1225 τοότοο
971 1150 1156 1233 διπλάσιος.

142 1257 202 1327 ἐὰν
225 1250 291 1328 οὖν
314 1249 382 1328 άσι·
399 1263 475 1348 τρία
497 1258 625 1347 μεγέθη
647 1254 837 1347 διάλογον,
858 1258 916 1329 καλ
937 1255 959 1327 6
981 1256 1093 1347 λόγος,
1114 1252 1157 1327 δν

142 1370 208 1453 ἔχει
223 1361 242 1433 δ
257 1368 389 1454 πρῶτος
401 1362 486 1454 πρὸς
497 1362 561 1433 τδν
577 1362 751 1453 δεύτερον,
769 1364 823 1447 δλς
835 1367 965 1455 λφφδῇ,
985 1365 1160 1437 τοντίστιν

142 1467 244 1552 αὐτὸς
271 1467 351 1558 μεθ’
379 1470 517 1558 ἑαυτοῦ,
549 1468 722 1563 άπογεννᾷ
747 1468 811 1541 τδν
832 1469 953 1560 λόγον,
985 1466 1028 1541 δν
1050 1474 1119 1561 ἔχει
1140 1466 1162 1541 6

92 1597 124 1646 10
143 1581 273 1664 πρῶτος
286 1574 371 1666 πρὸς
382 1575 444 1646 τὸν
457 1574 576 1665 ἅιιρον,
594 1577 652 1645 καὶ
668 1578 799 1669 λέγεται
816 1573 919 1648 mv
931 1574 1048 1667 ἄειραν
1059 1576 1162 1665 λόγος

141 1683 225 1771 πρὸς
242 1679 304 1752 τδν
321 1686 384 1752 τοῦ
402 1682 438 1761 α’
456 1682 513 1752 καί
534 1683 641 1770 μέσον
662 1681 767 1777 λόγον
790 1680 975 1771 διπλάσιος.
1011 1676 1088 1753 οἷον
1105 1682 1161 1755 ὰλ

142 1787 388 1876 δποδείγματος
405 1793 556 1859 ἔστασαν
573 1792 651 1878 τρία
668 1790 796 1878 μογίδη
813 1786 987 1877 δνάλογον
1003 1787 1045 1862 τδι
1059 1778 1089 1858 δ
1103 1794 1163 1879 γᾶ

144 1896 181 1962 ἐν
204 1899 416 1980 τριπλασίονι
439 1892 537 1986 λόγῳ.
578 1892 597 1962 6
621 1892 734 1981 λόγος,
756 1888 800 1964 δν
822 1898 889 1983 ἔχει
910 1890 931 1963 6
954 1895 1054 1965 ίννία
1076 1892 1163 1983 πρδς

142 1999 205 2068 τὸν
245 2003 322 2085 τρία
362 1999 415 2079 δὶς
455 2001 600 2086 ληφθεὶς
639 1998 749 2086 ἤγουν
785 1998 869 2087 πρὸς
905 1998 1026 2070 ἑαυτὸν
1061 2009 1162 2069 πολυ-

93 2124 126 2174 ιο
144 2109 391 2185 πλασιασδείς·-
417 2108 517 2173 τοῦτο
549 2102 614 2191 γὰρ
642 2109 811 2185 καλοῦμεν
840 2105 1162 2193 διακαταχρηστικιό-

144 2233 255 2300 τερον·
279 2209 501 2298 άπογεννήσει
521 2208 583 2280 τὸν
601 2215 669 2281 τῶν
692 2209 807 2301 άκριον
825 2212 938 2298 λόγον.
975 2210 993 2280 6
1013 2211 1076 2299 γὰρ
1096 2239 1163 2298 τρι-

105 2375 108 2380 .
143 2317 285 2400 πλάσιος
303 2316 548 2404 τριπλασιόνοις
567 2316 817 2402 ἐννεαπλάσιος,
836 2317 892 2384 καὶ
911 2317 1017 2397 οὕτως
1032 2319 1163 2404 λέγεται

145 2420 163 2493 6
187 2426 427 2507 ἐννεαπλάσιρς
448 2427 510 2492 τοῦ
532 2430 731 2509 τριπλασίου
755 2421 941 2507 διπλάσιος,
964 2420 1071 2491 ὅτιτὸ
1091 2425 1164 2510 τρὶς

144 2543 232 2617 τρεῖς
255 2535 307 2612 δίς
329 2532 436 2617 ἐστιν,
470 2525 531 2616 ἀφ’
558 2520 601 2596 οὖ
625 2525 643 2597 6
672 2529 864 2616 διπλάσιος,
897 2529 1007 2615 ὥσπερ
1030 2527 1068 2597 τὸ
1092 2531 1165 2617 τρίς

93 2653 127 2703 20
145 2643 220 2721 τρία
243 2637 315 2722 τρὶς
337 2642 408 2722 τρίς
431 2636 535 2720 ἐστιν,
559 2632 618 2721 ἀφ’
640 2625 682 2703 οὗ
705 2632 723 2702 ὁ
746 2634 948 2722 τριπλάσιος.
992 2640 1102 2715 καλῶς
1126 2635 1164 2704 δὲ

145 2738 250 2828 εἶπεν,
274 2741 326 2809 ὅτι
348 2743 524 2827 λέγεται,
547 2744 579 2807 εί
600 2737 664 2827 γὰρ
687 2740 769 2808 κατὰ
792 2739 966 2828 ἀλήθειαν,
988 2735 1072 2809 τὰδ
1094 2746 1163 2810 τῶν

146 2845 232 2933 γοό
256 2847 440 2934 διπλάσιος,
462 2844 549 2914 ἀλλὰ
573 2845 779 2932 τριπλάσιος·
803 2843 877 2914 ἀλλ’
899 2844 989 2934 ὅμως
1011 2852 1051 2935 τῇ
1075 2853 1164 2935 είρη-

146 2953 229 3043 μένῃ
249 2952 361 3047 ἐφόδῳ
381 2981 399 3023 ο
419 2951 660 3033 ἐννεαπλάσιος
678 2953 854 3033 διπλάσιος
871 2955 932 3022 τοῦ
951 2959 1164 3039 τριπλασίου·

145 3061 183 3126 τὸ
209 3057 275 3146 γάρ
302 3061 374 3148 τρίς
400 3072 488 3145 τρεῖς
514 3063 618 3148 γεννᾷ
642 3058 705 3151 μὲν
726 3057 788 3128 τὸν
810 3051 853 3145 δ’,
881 3059 933 3138 δὶς
963 3059 1000 3127 δὲ
1023 3068 1164 3146 εἴρηται,

93 3188 129 3239 νο
147 3162 207 3251 ἀφ’
228 3157 270 3233 οὖ
294 3163 312 3233 ὁ
338 3164 521 3245 διπλάσιος.
558 3160 642 3233 ἕστο
667 3165 782 3234 δὲκαὶ
806 3165 861 3233 ἐπὶ
881 3169 1066 3233 διπλασίων
1085 3166 1165 3235 ὑπό·

148 3274 275 3359 δειγμα.
312 3276 461 3339 ἔστωσαν
483 3269 548 3360 γὰρ
571 3273 743 3358 μεγέδγγ
766 3269 780 3339 ι’
803 3277 824 3358 ᾗ
849 3262 913 3340 ὁδ
932 3269 952 3340 6
971 3278 1002 3359 β.
1040 3269 1163 3358 ὁγοῦν

147 3377 247 3463 λόγος
264 3380 362 3464 τοῦῆ
379 3364 463 3464 πρὸς
479 3374 540 3445 τὸν
554 3368 586 3463 δ,
610 3374 648 3457 ὅς
667 3377 736 3445 ἐστι
755 3376 942 3463 διπλάσιος,
962 3379 1165 3464 διαληφθεὶς

220 3577 262 3628 30.
283 3572 440 3639 Δ(Οοίε1.).

150 3692 261 3699 ---
275 3692 362 3699 —-

222 3756 246 3803 1.
270 3743 345 3820 άπό]
366 3747 456 3805 deleo.
528 3749 676 3820 πλευράν]
696 3744 909 3818 τετραπλεύρων
928 3748 976 3803 BF
982 3746 1046 3804 vat.
1120 3755 1184 3804 2ομ

150 3818 209 3889 τρλς
226 3819 298 3892 τρίς]
318 3818 427 3890 scripsi,
445 3822 504 3890 τρίς
522 3822 554 3874 Δ.
628 3825 671 3874 27.
691 3819 876 3891 διαληφδιίς]
896 3818 939 3882 δίς
957 3821 1097 3889 ληφθείςδ
