2414 4236
204 522 360 575 scnom
378 525 418 576 m
436 522 710 575 Εποιιοατοιιοα
728 524 868 576 mmm
882 525 914 579 ν.
1006 522 1071 588 293

55 661 130 750 ἤτοι
152 661 230 750 μεθ’
257 663 379 731 ἑαυτοῦ
407 661 467 731 τόν
494 667 564 732 τῶν
586 661 700 748 δι’κροιν
723 660 945 751 ἆπογεννήσει
968 663 1071 752 λόγον

53 767 115 838 τὸν
137 773 413 854 τετραπλασίονα,
435 769 491 836 καὶ
515 774 606 838 ἔσται
630 768 647 837 6
672 773 740 839 τῶν
763 768 877 857 ἄκρων
899 769 999 857 λόγος
1022 774 1071 838 δι-

54 873 195 954 πλάσιος
217 872 301 962 πρὸς
322 873 383 942 τὸν
406 879 468 943 τοῦ
490 875 525 943 α’
548 873 632 961 πρὸς
654 873 714 944 τὸν
737 876 850 963 μέσον.
1055 883 1062 896 ”

123 984 175 1049 31.
205 978 316 1049 Ἔστω
345 977 363 1048 6
393 986 426 1052 ῖς
453 979 472 1050 ό
501 985 523 1068 ἦ
549 982 605 1049 καί
629 972 666 1069 δ,
698 979 805 1068 ἤγουν
829 989 862 1055 ἴς
888 981 993 1068 τὸνῆ
1021 982 1073 1061 δὶς

55 1089 209 1173 περιέχει,
231 1086 292 1156 τόν
317 1087 355 1154 δὲ
378 1078 399 1155 δ
421 1086 579 1175 τετράκις.
627 1088 679 1169 δίς
702 1079 765 1156 οὖν
786 1092 972 1157 διπλασίων
996 1085 1015 1157 6
1040 1093 1073 1160 ἴς
1108 1109 1124 1158 σ

55 1184 261 1280 τοῦδῆπερ
280 1198 342 1262 τοῦ
361 1205 397 1281 ἦ·
420 1192 507 1276 ἅπαξ
525 1192 591 1281 γὰρ
609 1198 671 1263 τοῦ
690 1205 724 1280 ἦ·
748 1199 814 1281 ἔχει
830 1186 1073 1281 γδιρδΐςτδιδ

57 1300 110 1380 δὶς
132 1299 188 1366 καί
211 1297 313 1366 πόλιν
336 1303 397 1379 δίς.

124 1409 176 1475 32.
211 1399 295 1472 Οίον
314 1402 332 1473 6
353 1410 387 1476 ἴς
409 1406 486 1493 οὐχί
503 1412 710 1492 τριπλασίων
729 1406 798 1475 ἐστί
816 1405 899 1491 πρὸς
916 1403 977 1474 τὸν
996 1406 1073 1474 660·

56 1509 289 1582 ὀκταπλασίαν
311 1512 390 1600 γάρ·
423 1510 496 1580 ἄλλ’
518 1518 584 1600 ἔχει
607 1514 692 1600 πρὸς
713 1509 820 1581 αὐτὸν
842 1511 992 1597 τρισάκις
1012 1511 1074 1581 τόν

58 1621 260 1686 διπλασίονα
278 1618 381 1704 λόγον
402 1619 458 1686 διὰ
478 1620 583 1706 μέσον
599 1623 661 1687 τοῦ
676 1618 761 1689 όκτώ
775 1619 907 1687 καὶτοῦ
921 1620 1073 1704 τέσσαρα.
1094 1639 1127 1689 10

57 1725 112 1804 δίς
138 1722 202 1812 γὰρ
232 1725 295 1793 δύο
323 1726 481 1809 τέσσαρα·
519 1722 597 1793 ίδοὺ
624 1721 642 1793 6
671 1725 724 1805 δίς
750 1723 858 1812 λόγος.
903 1723 989 1806 ἅπαξ
1022 1725 1075 1804 δίς

57 1831 204 1917 τέσσαρα
233 1829 331 1905 ὀπτοί·
374 1831 451 1898 ίδοὺ
478 1828 496 1899 6
525 1832 578 1911 δίς
604 1830 705 1919 λόγος
733 1835 792 1912 δίς.
839 1831 891 1911 δίς
918 1829 1003 1899 ὀκτὼ
1028 1837 1075 1902 ι’ς·

59 1935 137 2005 ίδοὺ
162 1934 179 2005 6
205 1937 258 2016 δὶς
279 1939 380 2023 λόγος
402 1936 551 2021 τρισόιιις
572 1938 629 2005 καὶ
652 1938 736 2024 ἑξῆς.
871 2025 874 2029 ’

125 2046 177 2111 33.
216 2037 300 2111 Οίον
329 2041 390 2111 ἐὰν
419 2048 475 2131 ἔχῃ
503 2041 542 2111 τὸ
570 2047 703 2128 πρῶτον
733 2047 817 2128 πρὸς
843 2042 882 2111 τὸ
915 2043 1074 2129 δεύτερον
1170 2088 1174 2096 ·

60 2153 261 2218 διπλασίονα
289 2148 408 2235 λόγον,
440 2148 478 2217 τὸ
503 2146 748 2236 πρῶτον-πρός
769 2148 807 2217 τὸ
830 2150 988 2234 τέταρτον
1012 2151 1075 2230 ἕξει
1095 2169 1127 2218 15

57 2256 130 2344 τρίς
150 2254 212 2325 τόν
235 2253 341 2324 αὐτόν
363 2253 468 2339 λόγον
496 2257 573 2340 τοῦ,
602 2249 643 2321 δν
671 2258 737 2341 ἔχει
764 2253 802 2321 τὸ
830 2258 964 2339 πρῶτον
992 2254 1076 2339 πρὸς

60 2359 97 2431 τό
118 2361 289 2447 δεύτερον,
308 2357 383 2430 οίον
400 2361 453 2441 δὶς
467 2359 531 2429 δύο
546 2364 610 2440 δίς·
633 2359 706 2446 τρὶς
723 2357 789 2447 γὰρ
808 2358 952 2446 ἔχειτὸν
970 2358 1075 2444 λόγον
1173 2448 1177 2457 Ι

60 2471 123 2536 τοῦ
141 2467 276 2554 πρώτου
294 2466 378 2553 πρὸς
395 2465 434 2535 τὸ
453 2465 623 2554 δεύτερον.
664 2464 724 2534 ἐὰν
748 2464 787 2534 δὲ
809 2470 866 2555 ἔχῃ
884 2462 1076 2550 τὸπρῶτον

60 2573 144 2660 πρὸς
165 2571 203 2640 τὸ
229 2571 389 2658 δεύτερον
406 2579 626 2660 τριπλασίονα
645 2572 760 2660 λόγον,
783 2570 821 2641 τὸ
840 2576 975 2657 πρῶτον
993 2573 1077 2655 πρὸς

61 2677 99 2747 τὸ
119 2682 276 2766 τέταρτον
290 2679 362 2766 τρὶς
374 2678 435 2748 τὸν
450 2676 555 2748 αὐτόν
570 2682 722 2767 ἔχειτοῦ,
741 2675 782 2747 δν
802 2684 867 2767 ἔχει
885 2677 924 2748 τό
942 2680 1076 2763 πρῶτον
1095 2700 1130 2750 νο

136 2879 178 2926 31.
199 2890 225 2941 q.
310 2880 352 2929 82.
374 2873 444 2942 V¹q.
530 2879 572 2928 33.
592 2871 730 2945 V⁸q6(A
745 2872 854 2942 Coisl.);
872 2874 902 2928 in
920 2871 946 2926 V
964 2872 1028 2927 add.
1047 2871 1077 2925 in

65 2944 133 2997 fine:
162 2942 238 3011 ζήτει
261 2941 292 2999 τό
317 2944 428 3014 σχόλιον
446 2950 532 3001 τοῦτο
551 2942 656 3000 ὄπιθεν
674 2938 739 2998 κατ’
760 2939 850 3013 ἀρχὰς
866 2944 918 2999 τοῦ
936 2941 1078 3011 παρόντος

65 3014 188 3086 βιβλίοις
216 3015 246 3068 et
267 3013 341 3071 idem
362 3016 500 3072 scholium
520 3033 538 3071 a
555 3032 640 3070 manu
658 3014 699 3069 V·
720 3015 825 3085 legitur
841 3015 915 3070 inter
932 3014 1020 3068 libros
1038 3010 1078 3066 IV

53 3086 97 3141 ,et
114 3083 140 3138 V
159 3083 291 3152 (intexta
306 3088 404 3143 eodem
420 3088 483 3143 loco
497 3086 533 3158 f),
552 3102 616 3141 cum
634 3085 679 3140 his
693 3085 879 3140 undantibus:
904 3089 946 3140 11.
966 3081 1028 3139 οίόν
1042 3103 1077 3139 τι

66 3179 109 3228 16.
124 3179 200 3241 τρεῖς
214 3174 298 3230 etsie
312 3191 423 3246 semper
435 3191 487 3246 pro
501 3177 567 3243 τρίς.
606 3180 649 3229 18.
668 3170 740 3241 πρὸς
753 3170 811 3229 τόν.
848 3193 876 3244 p.
890 3179 952 3242 294,
966 3177 992 3228 8.
1007 3167 1022 3227 6
1037 3162 1077 3244 δ]

63 3243 113 3298 ιιαί
131 3252 154 3301 ἓ.
191 3245 388 3301 additamenta
405 3245 434 3300 in
453 3246 500 3301 Ab
519 3262 575 3302 non
592 3244 713 3314 habent,
737 3244 786 3299 sed
808 3243 889 3299 initio
908 3243 971 3298 αδδ.
991 3243 1080 3298 uerba

64 3315 236 3371 definitionis
255 3317 348 3386 (είπερ
366 3333 417 3387 pro
436 3313 530 3386 ἥπερ).

92 3575 100 3596 ,
137 3515 162 3566 8.
182 3508 375 3583 οἷον-δύο]
394 3506 434 3604 δας
452 3507 467 3567 6
488 3518 515 3571 Γς
534 3509 603 3580 πρὸς
621 3502 716 3596 τόνδ’
740 3500 1079 3633 οὗτοςγᾶρπρδςοιότόνν

67 3578 498 3726 ⁰''6f632‘65661-gf'66ffl
517 3589 561 3717 δ’.
572 3598 721 3722 τίζῖἶῗό.
732 3579 766 3636 V'
777 3657 820 3707 ιι.
840 3582 1034 3739 ἓέἦόῗέόῖἴ.
1052 3619 1079 3720 ql

104 3729 145 3777 14.
165 3718 228 3777 οίόν
247 3742 274 3777 τι
292 3724 327 3778 V.
420 3731 461 3780 16.
480 3724 549 3810 τοῦ]
568 3725 607 3798 τῷ
626 3740 660 3852 ³3
744 3719 814 3791 πρὸς
831 3724 877 3808 το]
895 3719 966 3790 πρὸς
983 3722 1035 3778 τόν
1052 3738 1078 3791 q.

103 3799 144 3847 17.
169 3793 238 3848 Post
260 3794 309 3850 alt.
330 3797 374 3858 δίς
397 3796 451 3851 del.
470 3795 605 3863 δεντιρον
645 3815 682 3851 αν
706 3792 738 3850 δὲ
762 3800 896 3863 τριπλονν
918 3792 1004 3863 λόγον
1022 3792 1084 3861 τρὶς

64 3860 117 3919 τὸν
136 3857 226 3918 αότδν
241 3860 299 3934 ἔχει
319 3885 344 3937 q.
420 3872 461 3922 19.
480 3868 614 3937 τριπλοῦν
633 3885 661 3942 q.
733 3872 782 3924 ‘26
798 3860 948 3939 τρὶςτόὴ
959 3866 1058 3932 τὼν·
1072 3858 1105 3928 ἦ·
