2424 4320
155 486 220 550 336
304 486 461 540 SCHOLIA
478 488 517 538 IN
535 486 810 539 ELEMENTORUM
827 486 965 538 LIBRUM
978 486 1025 539 VL

155 628 281 716 μήκους
300 633 377 715 ἔχον
395 632 464 696 τῶν
482 628 557 714 περὶ
575 626 637 714 τήν
656 623 768 713 ὀρθήν
786 631 915 714 γωνίαν
933 629 1088 711 πλευρῶν
1106 622 1167 713 τήν

155 740 236 823 μίαν
262 739 383 822 τριῶν,
414 733 476 820 τήν
505 733 542 802 δὲ
570 731 686 820 ἑτέραν
710 725 743 801 θ’
780 738 872 802 ἔσται
899 731 920 820 ή
943 731 1168 802 ὑποτείνουσα

155 842 217 929 τὴν
246 838 357 928 ὀρθήν
384 846 513 927 γωνίαν
540 840 646 908 πέντε.
697 840 767 908 ἐπεὶ
794 838 858 927 γὰρ
887 836 1104 925 ὀρθογώνιον
1130 837 1168 907 τὸ

58 940 61 946 ’
155 954 333 1036 τρίγωνον,
354 945 393 1015 τὸ
417 944 483 1014 ὑπὸ
502 951 559 1032 τής
577 943 819 1032 ὑποτεινούσης
838 953 914 1015 ίσον
932 958 1004 1024 τοϊς
1021 943 1086 1014 ἀπὸ
1100 948 1169 1014 τῶν

121 1078 137 1126 ο
155 1057 381 1142 περιεχουσῶν
405 1052 466 1139 τὴν
490 1051 602 1139 ὀρθήν
621 1057 749 1139 γωνίαν
767 1055 921 1139 πλευρῶν
938 1051 1170 1139 τετραγῶνοις.

156 1161 216 1229 ἐὰν
238 1165 323 1247 γοῦν
342 1158 485 1240 κάθετος
503 1157 568 1227 ὑπὸ
588 1163 646 1246 τής
660 1157 769 1246 ὀρθῆς
781 1163 906 1245 γωνίας
920 1158 973 1225 έπί
986 1157 1049 1246 τήν
1068 1158 1171 1245 βῶσιν

156 1264 261 1356 ἀχθῇ,
293 1281 386 1354 τεμεῖ
415 1265 477 1353 τήν
504 1265 605 1352 βῶσιν
634 1273 681 1345 είς
709 1290 744 1332 τε
777 1268 814 1333 ἓν
842 1261 1028 1352 ὁλόκληρον
1055 1267 1112 1333 καὶ
1136 1264 1171 1334 θ’

41 1424 48 1434 .
156 1374 284 1460 πέμπτα
306 1374 362 1441 καὶ
385 1376 432 1452 είς
454 1377 529 1458 τρία
553 1368 720 1457 ὁλόκληρα
743 1371 799 1439 καί
821 1373 859 1438 ἓν
881 1371 1043 1458 πέμπτον,
1070 1372 1126 1439 καὶ
1149 1369 1170 1460 ή

157 1483 300 1560 κάθετος
323 1485 414 1548 ἔσται
441 1481 597 1565 πέμπτων
626 1477 768 1546 δώδεκα·
806 1476 893 1546 οὕτω
925 1475 990 1565 γὰρ
1022 1477 1106 1545 κατὰ
1133 1475 1173 1548 τὸ

106 1609 139 1658 10
157 1585 305 1673 πόρισμα
328 1584 546 1672 εὑρεθήσεται
574 1584 636 1671 μὲν
659 1581 679 1669 ἡ
703 1582 786 1669 πρὸς
808 1588 854 1676 τῷ
879 1583 1021 1670 τμήματι
1043 1584 1173 1672 πλευρὰ

157 1694 240 1778 μέση
264 1689 435 1777 ἀνάλογον
457 1691 512 1759 καὶ
532 1687 552 1776 ἡ
572 1689 715 1768 κάθετος
733 1691 816 1775 μέση
836 1689 1005 1775 ἀνάλογον
1023 1694 1093 1760 τῶν
1107 1691 1172 1760 δύο

156 1796 345 1884 τμημάτων.
392 1794 451 1864 έὺν
474 1795 537 1882 γὰρ
561 1795 732 1884 ἀναλύσης
754 1794 816 1882 τήν
839 1792 1086 1866 ὑποτείνουσαν
1108 1796 1172 1885 τήν

157 1901 267 1989 ὀρθήν
282 1907 414 1988 γωνίαν
434 1900 507 1987 ήτοι
521 1900 592 1969 τάξ
615 1906 661 1981 είς
675 1903 815 1988 πέμπτα,
837 1907 965 1988 γίνεται
979 1909 1016 1972 τῖε
1034 1904 1174 1991 πέμπτα.

158 2004 317 2087 ὡσαύτως
347 2009 403 2075 καὶ
432 2007 491 2088 τὰς
521 2009 597 2094 περὶ
624 2007 686 2094 τήν
715 2005 827 2094 ὀρθήν
854 2015 983 2095 γωνίαν
1014 2011 1174 2098 πλευράς·

108 2138 140 2186 15
159 2120 285 2200 γίνεται
305 2111 325 2200 ἡ
345 2114 407 2201 μὲν
426 2119 455 2182 τε
473 2116 641 2201 πέμπτων,
664 2111 684 2201 ή
706 2115 743 2182 δέ
762 2116 1050 2201 είκοσίπέμπτων.
1081 2121 1174 2185 ἔσται

159 2213 222 2289 οὖν
246 2218 266 2309 ἡ
289 2221 351 2308 μέν
373 2218 594 2289 ὑποτείνουσα
612 2219 674 2307 τήν
693 2219 804 2307 ὀρθήν
822 2228 951 2306 γωνίαν
970 2223 1174 2293 εἰκοσιπέντε

159 2328 315 2414 πέμπτων
338 2320 423 2396 ούσα
451 2326 532 2415 πρὸς
555 2327 616 2415 μέν
644 2326 706 2413 τήν
729 2324 845 2413 ἑτέραν
873 2331 941 2394 τῶν
964 2333 1120 2416 πλευρῶν
1145 2335 1175 2399 ἵε

158 2436 314 2522 πέμπτων
338 2427 445 2503 οὖσαν
471 2437 684 2520 έπιὸίτριτος,
708 2435 764 2501 καὶ
787 2431 870 2520 αὑτη
894 2433 977 2520 πρὸς
999 2434 1037 2502 τὸ
1061 2440 1176 2524 τμήμα

72 2532 76 2537 ’
158 2539 195 2607 τὸ
228 2539 311 2626 πρὸς
339 2537 422 2629 αὐτῇ
455 2543 611 2627 πέμπτων
638 2532 666 2607 θ
698 2535 741 2609 ὂν
773 2537 931 2619 ὡσαύτως
963 2543 1176 2628 έπιδίτριτος,

106 2669 141 2718 20
159 2645 243 2732 πρὸς
260 2647 373 2732 μέντοι
392 2645 454 2733 τήν
473 2646 589 2733 ἑτέρον
607 2647 755 2733 πλευρὰν
774 2655 880 2714 εἴκοσι
893 2648 1049 2733 πέμπτων
1065 2641 1175 2717 οὖσαν

158 2750 176 2819 ὑ
203 2750 427 2820 ὑποτείνουσα
456 2757 546 2820 ἔσται
577 2753 797 2839 ἐπιτέταρτος,
829 2753 884 2819 καί
913 2750 996 2839 αὑτη
1024 2752 1108 2841 πρὸς
1135 2753 1174 2823 τὸ

158 2857 241 2946 πρὸς
255 2856 338 2946 αὐτῇ
358 2863 468 2945 τμῆμα
488 2864 521 2930 t}
539 2861 694 2946 πέμπτων
714 2855 755 2926 ὂν
774 2861 834 2926 τὸν
853 2856 959 2927 αὐτὸν
977 2860 1041 2940 ἕξει
1060 2859 1175 2946 λόγον.

159 2969 250 3032 ἔσται
274 2963 311 3032 δέ
335 2963 441 3043 οὕτως
463 2965 518 3032 καὶ
542 2964 562 3050 ἡ
587 2963 729 3045 κάθετος
752 2956 790 3051 ιθ
809 2966 966 3051 πέμπτων
985 2957 1071 3033 οὖσα
1090 2968 1174 3052 μέση

159 3069 329 3156 ἀνάλογον
349 3075 415 3139 τῶν
436 3071 498 3139 δύο
518 3069 711 3157 τμημάτων·
735 3067 776 3138 ὃν
795 3070 858 3159 γὰρ
878 3070 982 3157 λόγου
1001 3077 1066 3158 ἔχει
1085 3071 1125 3140 τὰ
1141 3078 1175 3145 t}

105 3201 139 3249 25
159 3176 242 3262 πρὸς
260 3180 299 3245 τὰ
317 3170 364 3264 ᾧ,
387 3177 448 3245 τὸν
468 3175 572 3245 αὑτὸν
590 3177 694 3263 λόγον
714 3183 779 3265 ἔχει
798 3178 853 3244 καὶ
872 3169 962 3264 affl
980 3178 1064 3266 πρὸς
1081 3182 1122 3246 τὰ
1137 3170 1174 3247 θ.

158 3281 315 3364 ὡσαύτως
339 3284 376 3351 δέ
398 3283 454 3350 καὶ
478 3279 521 3350 ῶν
546 3286 893 3370 διπλασιασθήσονται
915 3288 976 3351 τοῦ
995 3284 1175 3370 είρημένου

159 3390 374 3478 ὀρθογωνίου
406 3391 573 3476 τριγῶυου
601 3394 638 3457 ac
663 3396 818 3477 πλευραί,
847 3387 1090 3476 εὑρεθήσονται
1117 3392 1174 3459 καὶ

158 3495 198 3563 τὰ
222 3497 373 3584 τμήματα
398 3497 555 3565 διπλάσια
579 3501 647 3566 τῶν
667 3499 930 3585 προειρημένων,
954 3494 1113 3578 ὡσαύτως
1136 3499 1175 3567 δέ

158 3605 212 3670 καί
237 3602 257 3690 ἡ
280 3602 435 3684 κάθετος·
459 3611 549 3672 ἔσται
571 3605 636 3691 γὰρ
659 3603 697 3673 τὸ
720 3603 782 3691 μὲν
806 3608 843 3672 ’ἑν
861 3609 929 3671 τῶν
947 3603 1129 3691 τμημάτων
1148 3598 1175 3673 θ

230 3770 255 3817 9.
275 3760 344 3834 γάρ]
361 3781 417 3819 non
432 3765 522 3832 liquet
536 3763 569 3830 V,
584 3761 616 3819 τό
631 3765 650 3818 f.
712 3770 752 3820 18.
769 3764 834 3836 καί]
850 3781 935 3834 supra
949 3781 1001 3818 εοτ.
1013 3764 1045 3819 V.
1107 3764 1175 3820 Ροελ

158 3829 230 3903 αὕτη
253 3842 264 3888 1
286 3835 340 3889 litt„
360 3835 414 3889 del.
434 3834 467 3889 V.
542 3840 584 3889 21.
605 3834 696 3907 ἔσται]
716 3839 748 3890 ut
768 3834 880 3890 uidetur
900 3836 932 3902 V,
952 3829 1010 3890 έοτι
1029 3835 1048 3889 f.
