2414 4236
214 1408 412 1490 Βασιλείδης
438 1400 456 1471 ὁ
485 1401 620 1486 Τύριος,
644 1393 671 1470 ά
692 1401 887 1491 Πρώταρχε,
910 1406 1159 1493 παραγενηθεὶς

148 1513 195 1588 είς
215 1507 468 1597 Ἀλεξάνδρειαν
491 1508 546 1576 καί
571 1507 751 1588 συσταθεὶς
775 1511 820 1600 τῷ
848 1509 948 1599 πατρὶ
976 1507 1072 1599 ἡμῶν
1101 1510 1159 1579 διὰ

146 1616 208 1703 την
228 1613 293 1684 άπὸ
312 1625 374 1684 τοῦ
392 1614 592 1702 μαθήματος
606 1615 803 1701 συγγένειαν
817 1617 1052 1703 συνδιέτριψεν
1067 1616 1157 1709 αὐτῷ

146 1720 206 1791 τὸν
221 1729 376 1790 πλεῖστον
394 1724 452 1807 τῆς
472 1723 647 1808 ἐπιδημίας
660 1717 796 1809 χρόνον.
818 1725 878 1789 καί
888 1744 967 1791 ποτε
983 1727 1158 1809 ζητοῦντες

113 1828 184 1903 ετὸ
209 1827 275 1896 ὑπὸ
297 1826 523 1897 Ἀπολλωνίου
546 1826 741 1915 συγγραφὲν
764 1826 840 1914 περὶ
867 1831 926 1914 τῆς
953 1833 1158 1916 συγκρίσεως

146 1939 208 2002 τοῦ
223 1935 457 2023 δωδεκαέδρου
467 1933 522 2001 καί
536 1936 597 2002 τοῦ
608 1934 823 2021 είκοσαέδρου
836 1935 904 2000 τάν
914 1938 961 2014 είς
974 1933 1037 2021 τὴν
1049 1930 1157 2021 αὐτὴν

148 2053 296 2127 σφαῖραν
316 2042 589 2129 ἐγγραφομένων,
611 2046 688 2109 τίνα
707 2045 774 2128 ἔχει
792 2039 896 2128 λόγον
915 2039 998 2129 πρὸς
1019 2028 1157 2128 άλληλοι,

147 2148 267 2227 ἔδοξαν
286 2152 389 2216 ταῦτα
403 2175 447 2235 μη
464 2145 578 2235 ὀρθῶς
591 2148 836 2236 γεγραφηκέναι
851 2145 912 2217 τὸν
923 2149 1157 2234 Ἀπολλώνιον,

147 2249 243 2320 αὐτοὶ
267 2252 430 2322 δὲταῦτα
453 2254 663 2342 καθάραντες
685 2258 853 2342 ἔγραψαν,
883 2252 930 2335 ὡς
952 2246 995 2341 ἦν
1019 2253 1157 2323 ἀκούειν

95 2383 127 2432 10
147 2363 208 2427 τοῦ
227 2360 357 2445 πατρός.
391 2363 455 2448 ἐγὼ
474 2361 511 2429 δὲ
529 2359 672 2446 ὕστερον
695 2363 891 2448 περιέπεσον
914 2361 1014 2450 ἑτέρῳ
1037 2367 1156 2451 βιβλίῳ

145 2463 210 2534 ὑπὸ
229 2464 456 2535 Ἀπολλωνίου
470 2467 677 2555 ἐκδεδομένφ
691 2467 882 2553 περιέχοντά
892 2491 969 2532 τινα
984 2463 1156 2545 άπόδειξιν

146 2572 221 2659 περὶ
240 2577 301 2640 τοῦ
320 2574 552 2658 προκειμένου,
571 2572 626 2638 καλ
646 2570 797 2657 μεγάλως
815 2568 1085 2656 έψυχαγωγήθην
1104 2574 1156 2637 ἐπὶ

145 2681 185 2765 τῇ
209 2682 271 2745 τοῦ
294 2676 527 2765 προβλήματος
552 2676 691 2762 ζητήσει.
727 2674 765 2742 τὸ
789 2674 851 2762 μέν
875 2667 938 2742 οὖν
960 2671 1025 2742 ὑπὸ
1043 2673 1156 2743 Ἀπολ-

147 2789 272 2850 λωνίου
296 2782 437 2850 ἐκδοθὲν
461 2786 548 2849 ἔοικε
577 2785 673 2869 κοινῇ
702 2793 854 2849 σκοπεῖν·
890 2780 946 2847 καί
973 2779 1038 2868 γάρ
1066 2807 1157 2868 περι-

93 2913 126 2961 15
146 2889 281 2974 φέρεται
306 2892 431 2956 δοκοῦν
459 2885 601 2976 ὕστερον
631 2890 821 2975 γεγράφθαι
852 2887 1056 2973 φιλοπόνως·
1094 2887 1156 2956 ὅσα

146 2992 178 3060 δ’
206 2993 269 3079 ἐγὼ
293 2998 381 3062 δοκῶ
406 2999 495 3079 δεῖν,
525 2991 886 3081 ὑπομνηματισάμενος
914 2998 1029 3081 ἔκρινα
1056 3017 1155 3082 προο-

145 3103 305 3187 φωνῆσαί
331 3119 384 3168 σοι
413 3100 470 3167 διά
499 3100 560 3186 μέν
589 3098 651 3186 τὴν
675 3103 712 3168 ἐν
736 3100 839 3167 άπασι
868 3113 938 3179 τοῖς
968 3101 1155 3188 μαθήμασι,

219 3274 310 3334 Εάκλε
313 3279 376 3333 ίδον
391 3279 427 3331 λδ.
443 3272 612 3365 Ἰφικλέους
630 3297 664 3330 τα
654 3272 720 3339 εἰς
731 3273 888 3345 Εὐκλείδην
902 3272 1155 3402 άναφερόμεναἫ

141 3345 344 3435 ’Τηικλέους
317 3368 348 3403 το
360 3347 400 3411 εἰς
410 3343 596 3436 Εὖκλείδην’
578 3346 796 3418 αναφερόμενον
807 3347 890 3414 ΡΒτ,
883 3367 936 3401 ·το
948 3347 988 3410 είς
998 3351 1088 3402 Ενκλε
1091 3352 1119 3402 δ
1122 3372 1156 3418 ην

145 3416 409 3503 άναφερόμενονῑδ
418 3415 637 3487 ῬφικλέονςΜ.
694 3426 717 3473 1.
731 3420 918 3488 ΒααιλίδηςΡ
975 3417 1155 3488 Πρόταρχετ.

182 3486 414 3559 παραγενόμενος
436 3507 463 3544 v.
544 3495 569 3544 4.
594 3491 758 3576 ζητοῦντες]
783 3491 929 3559 ζητοῦντες
953 3492 1097 3546 ειλαῦκτάι
1119 3493 1156 3559 Μ,

146 3559 335 3626 διελόντεςλί,
355 3562 515 3623 διελουντες
528 3559 586 3629 ΡΒ
606 3559 809 3649 διελθόντεςν.
870 3567 894 3615 5.
914 3559 1025 3629 γραφέν
1044 3563 1156 3618 PBVv.

145 3629 289 3756 ΡΒλῘδχει
312 3601 606 3770 λξγθδιδκῗάάδαξάὲά
624 3653 716 3770 λδαδδδα
728 3631 957 3792 δῗάδιάθνάροντεδς
975 3635 1157 3772 λγέγῼαδγέέάι

145 3786 241 3861 φαμεν
265 3772 306 3839 M;
334 3775 397 3828 fort.
418 3772 548 3843 ἔγραψαν
567 3773 627 3842 μέν.
706 3782 747 3831 11
776 3771 913 3844 ἐνδεδομ’
899 3791 955 3863 ενφ
978 3774 1029 3828 Pv.
1107 3776 1157 3828 καὶ

68 3870 109 4006 ι
140 3842 303 3914 περιέχοντι
322 3844 433 3900 PBVv.
493 3845 570 3917 τινα]
589 3862 644 3900 om.
664 3845 775 3902 PBVv.
837 3845 906 3901 Post
923 3826 1072 3911 άτόδειξιν
1091 3845 1155 3903 add
