2414 4236
144 514 207 579 128
295 516 452 569 scflom
469 518 509 569 m
525 516 802 571 mumolum
819 516 995 571 LIBRUM.

142 656 402 742 φυλαττομένων
415 653 438 744 ἥ
451 682 486 725 τε
499 655 659 744 πρότασις
672 654 815 743 ἀληθής,
827 654 885 725 καί
899 650 919 725 δ
932 650 1161 741 συλλογισμός

141 760 437 849 ἀναμφισβήτητος
459 765 638 831 δείκνυται.
683 764 848 831 δέδεικται
872 761 911 831 δέ
931 758 971 830 τό
993 758 1161 848 θεόρημα

141 871 241 936 τοῦτο
264 866 354 950 παρά
376 871 422 959 τῷ
446 872 639 957 στοιχειωτῇ
667 866 724 937 διά
747 871 807 955 τῆς
828 870 877 946 είς
898 864 1075 935 ἀδόνατον
1096 862 1160 935 ἀπ·

141 978 283 1060 αγωγῆς,
307 973 444 1061 μάχεται
468 974 506 1042 δέ
528 972 566 1043 τὸ
589 972 762 1043 ἀδύνατον
778 971 864 1061 πρὸς
879 971 1000 1059 κοιιτὶν
1017 976 1161 1041 ἔννοιαν

106 1077 203 1165 οτὴν
226 1081 392 1166 λέγουσαν
415 1078 452 1149 τὸ
473 1078 555 1149 ὅλον
572 1084 635 1149 τοῦ
653 1082 776 1168 μέρους
792 1085 917 1169 μεῖζον,
939 1076 1053 1149 καὶτὸ
1072 1076 1159 1149 αὐτὸ

141 1191 253 1270 μεῖζον
275 1186 331 1253 καί
355 1194 431 1254 ίσον
455 1186 539 1255 εἶναι
562 1185 743 1256 ἀδύνατον.
778 1190 866 1255 ἔοικε
889 1183 928 1253 δέ
949 1181 1038 1253 εἶναι
1055 1188 1160 1255 τοῦτο

140 1289 177 1359 τὸ
196 1290 359 1378 θεώρημα
377 1296 490 1380 λῆμμα
508 1292 835 1381 προλαμβανόμενον
851 1288 1061 1379 τοῦόγδόου
1072 1298 1160 1361 θεω-

140 1396 299 1483 ρήματος·
334 1403 382 1477 είς
403 1397 468 1487 χάρ
492 1398 554 1487 τὴν
577 1397 750 1480 ἀπόδειξιν
773 1400 906 1467 ἐκείνου
927 1404 1083 1466 συντελεῖ
1101 1397 1160 1466 καὶ

141 1501 219 1571 οὔτε
242 1503 409 1590 στοιχεῖόν
431 1507 523 1574 έστιν
545 1492 658 1586 ἁπλαῖς
681 1504 758 1574 οὔτε
780 1506 1001 1591 στοιχειῶδες·
1024 1498 1069 1573 οὔ
1090 1498 1158 1590 χάρ

89 1629 121 1679 10
141 1611 193 1677 ἐπὶ
217 1608 323 1678 πολλά
348 1614 504 1680 διατείνει
527 1610 589 1698 τὴν
612 1613 735 1681 ἑαυτοῦ
757 1616 882 1698 χρείαν.

207 1720 260 1784 41.
296 1716 471 1803 Χρήσιμον
492 1717 530 1787 τὸ
555 1717 716 1805 θεώρημα
738 1727 801 1785 τοῦ
825 1714 974 1803 ἑβδόμου
996 1716 1090 1785 ἐστὶν
1108 1718 1157 1795 είς

141 1821 369 1909 ἀστρονομίαν
381 1824 437 1890 καὶ
447 1827 495 1902 είς
507 1822 571 1910 τὴν
586 1823 761 1911 δεινότητα
774 1826 843 1892 τῶν
853 1824 1033 1903 ἐκλείψεων
1042 1820 1159 1890 τόκον.

141 1924 248 2015 τούτῳ
272 1928 336 2013 γάρ
360 1947 443 2011 φασι
466 1928 632 2015 χρεόμενοι
656 1930 840 2013 δεικνύναι,
863 1925 914 1996 ὅτι
932 1940 1021 2014 τρεῖς
1040 1928 1160 2013 ἐφεξῆς

143 2034 302 2111 ἐκλείψεις
331 2040 407 2101 ἴσον
436 2032 619 2121 ἀπέχουσαι
647 2033 801 2122 ἀλλήλων
830 2032 892 2103 οάκ
919 2029 963 2101 ἀν
991 2033 1160 2118 γένοιντο,

91 2157 123 2207 15
142 2140 227 2223 λέγω
252 2141 300 2222 δέ,
324 2137 407 2207 ὥστε
425 2142 574 2232 τοσούτω
592 2142 704 2231 χρόνῳ
724 2141 787 2227 τὴν
806 2140 966 2223 δευτέραν
985 2141 1159 2207 διεστάναι

141 2248 201 2330 τῆς
222 2245 369 2333 πραότης,
403 2244 485 2317 ὅσον
512 2246 575 2335 τὴν
603 2253 718 2333 τρίτην
744 2251 802 2334 τῆς
826 2247 996 2330 δευτέρας,
1030 2239 1107 2312 οἷον
1131 2247 1162 2312 εί

142 2350 223 2438 μετά
242 2352 305 2439 τὴν
324 2353 358 2420 α’
373 2351 394 2440 ἡ
411 2356 549 2440 δευτέρα
568 2356 707 2441 γέγονεν
727 2358 761 2435 ἓξ
780 2356 896 2439 μηνῶν
915 2349 1160 2438 παρελθόντων

142 2459 197 2525 καὶ
220 2464 243 2527 i
265 2457 417 2546 ἡμερῶν,
444 2458 507 2528 οὐκ
535 2457 579 2528 ἀν
607 2461 768 2547 γενέσθαι
790 2457 853 2545 τὴν
875 2464 990 2543 τρίτην
1013 2455 1160 2544 ὕστερον

142 2567 291 2656 τοσούτῳ
307 2565 418 2655 χρόνῳ
429 2571 486 2651 τῆς
496 2568 662 2652 δευτέρας,
678 2563 751 2634 ἀλλ’
764 2564 838 2653 ἤτοι
852 2566 954 2632 πλέον
969 2558 1160 2650 ἢέλασσον·

89 2688 123 2737 νο
141 2675 241 2738 τοῦτο
258 2669 451 2757 οὓτωςέχον
465 2668 734 2739 ἀποδείκνυσθαι
749 2670 805 2740 διά
814 2674 876 2738 τοῦ
891 2668 918 2751 ζ’
930 2668 1161 2755 θεωρήματος.

143 2782 211 2843 ἔστι
235 2775 298 2862 μὲν
319 2780 419 2845 τοῦτο
443 2775 481 2845 τὸ
504 2776 666 2864 θεώρημά
689 2804 721 2844 τι
744 2775 914 2855 πεπονθὸς
938 2773 1084 2842 σπάνιον
1103 2775 1160 2842 καί

142 2879 185 2949 οό
207 2882 297 2950 πάνυ
324 2896 396 2963 ταῖς
425 2885 693 2970 έπιστημονικαῖς
715 2882 918 2969 προτόσεσιν
942 2881 1073 2959 εἰωθός.
1120 2878 1159 2949 τό

141 2989 206 3074 γὰρ
238 2988 454 3075 ἀποφατικῶς
485 2996 742 3076 σχηματίζεσθαι
771 2990 827 3057 καὶ
855 2985 900 3075 μὴ
927 2997 1161 3071 καταφατικῶς

144 3092 185 3162 οὐ
214 3095 348 3182 σφόδρα
378 3094 495 3175 αόταῑς
523 3100 656 3163 οίκεῑον.
702 3104 832 3183 μᾶλλον
859 3094 921 3180 μὲν
950 3086 1013 3160 οὖν
1037 3092 1160 3160 πολλαί

89 3218 123 3268 25
142 3201 345 3288 καταφάσεις
369 3201 433 3269 είσδ
462 3203 499 3269 έν
525 3215 597 3281 ταῖς
623 3204 801 3289 προτάσεσι
829 3206 897 3269 των
927 3202 1160 3285 γεωμετρικῶν

141 3307 196 3374 καὶ
229 3312 297 3376 τῶν
329 3307 562 3394 ἀριθμητικῶν
596 3309 834 3395 θεωρημάτων.
889 3315 998 3375 αίτιον
1027 3306 1080 3389 δέ,
1113 3302 1161 3385 ὥς

142 3453 242 3461 —.——
251 3456 257 3461 .
268 3453 355 3461 .—.....

145 3646 312 3654 —--—-—-
320 3648 356 3653 ..-

216 3718 257 3765 12.
273 3709 324 3779 τὴν
335 3696 496 3785 δεινότητα]
512 3730 581 3769 οοττ.
591 3713 620 3769 in
630 3712 661 3769 τό
677 3712 774 3770 δεινόν
786 3717 818 3780 Ρ;
833 3734 859 3771 u.
872 3716 989 3773 Proclus
999 3736 1027 3788 p.
1038 3724 1100 3787 268,
1112 3726 1157 3773 21.

181 3789 221 3837 14.
241 3779 396 3852 ἀπέχουσιν
410 3785 440 3839 Ρ.
497 3784 609 3854 γένοιτο
624 3785 653 3853 Ρ,
673 3787 722 3841 sed
737 3804 805 3842 corr.
862 3794 902 3843 17.
922 3787 1109 3857 παρελθότωκ
1128 3790 1160 3844 Ρ.

176 3860 218 3909 20.
239 3852 312 3924 ἔχων
331 3855 361 3909 Ρ.
434 3862 477 3911 21.
497 3852 652 3919 πεπονθός
669 3859 699 3913 Ρ.
