2414 4236
243 479 401 532 scfloffl
418 480 458 531 m
475 480 749 531 ELEMENTORUM
768 481 907 532 LIBRUM
920 482 941 534 1.
1051 478 1094 545 99

76 621 137 688 ιιαλ
159 617 210 688 ὅτι
232 632 306 699 ταῖς
326 632 537 706 γεννητιααῖς
558 618 690 701 τάξεσιν
714 617 875 712 ᾠκείωται
896 625 966 690 τῶν
988 626 1094 708 θεῶν,

79 736 209 815 εῖρηται
230 730 405 815 πρότερον.

151 835 226 901 Τῶν
245 831 283 901 δὲ
301 830 510 920 τριπλεύρων
528 831 707 919 σχημάτων
725 831 928 917 ἰσόπλευρον
947 832 1008 920 μὲν
1026 841 1093 920 τρί-

79 938 194 1025 γωνόν
217 936 346 1006 ἔστιτὸ
370 937 428 1018 τὰς
450 952 539 1025 τρεῖς
559 946 632 1018 ίσας
651 943 728 1025 ἕχον
747 937 902 1025 πλευράς,
926 939 1094 1019 ἰσοσκελὲς

79 1044 120 1113 δὲ
141 1042 178 1113 τὸ
202 1045 265 1114 δύο
289 1043 397 1132 μόνον
421 1053 495 1124 ῖσας
518 1049 595 1131 ἔχον
618 1044 778 1131 πλευράς,
802 1052 971 1130 σκαληνον
995 1045 1032 1113 δὲ
1054 1046 1092 1115 τὸ
1112 1068 1128 1117 ο

76 1150 138 1232 τὰς
155 1164 245 1237 τρεῖς
258 1148 399 1230 ἀνίσους
412 1156 490 1238 ἔχον
504 1151 657 1235 πλευράς.
688 1156 736 1218 ἔτι
751 1150 788 1218 δὲ
802 1155 870 1219 τῶν
884 1150 1094 1239 τριπλεύρων

32 1292 39 1301 ·
75 1256 257 1346 σχημάτων
276 1253 491 1344 ὀρθογώνιον
509 1256 571 1344 μὲν
588 1256 757 1343 τρίγωνόν
776 1259 845 1325 ἐστι
866 1255 903 1325 τὸ
919 1263 1001 1343 μίαν
1016 1262 1094 1344 ἔχον

75 1362 191 1452 ὀρθὴν
208 1370 349 1450 γωνίαν,
369 1361 606 1451 ἀμβλυγώνιον
626 1362 662 1430 δὲ
681 1361 719 1431 τὸ
733 1369 814 1451 μίαν
829 1369 906 1449 ἕχον
920 1363 1093 1451 ἀμβλεῖαν,

77 1469 267 1557 ὀξυγώνιον
291 1470 328 1539 δὲ
350 1469 388 1539 τὸ
411 1469 471 1551 τδις
492 1483 581 1557 τρεῖς
604 1465 712 1550 ὀξείας
734 1475 812 1557 ἕχον
833 1475 968 1556 γωνίας.

146 1573 249 1664 ἡτῶν
261 1575 435 1665 τριγώνων
451 1580 611 1663 διαίρεσις
624 1575 698 1644 τοτὲ
712 1572 848 1663 μὲνζάπδ
859 1579 927 1644 τῶν
937 1579 1092 1660 πλευρῶν
1113 1598 1146 1647 10

77 1688 147 1770 ἔχει
169 1681 232 1771 τὴν
254 1686 431 1769 διαίρεσιν,
454 1683 528 1751 τοτὲ
552 1682 588 1750 δὲ
611 1681 677 1750 ἀπὸ
699 1686 769 1751 τῶν
793 1686 940 1768 γωνιῶν,
963 1679 1091 1768 ἡγεῖται

76 1789 116 1858 δὲ
138 1787 160 1875 ἡ
183 1789 250 1858 άπδ
273 1800 342 1858 τῶν
369 1792 539 1874 πλευρῶν,
572 1785 617 1869 ῶς
643 1789 828 1876 γνώριμος,
861 1789 971 1856 ἕπεται
1005 1788 1042 1856 δὲ
1069 1786 1089 1875 ἡ

76 1893 143 1964 ἀπὸ
166 1900 235 1965 τῶν
258 1900 410 1982 γωνιῶν,
438 1894 483 1976 ῶς
506 1895 695 1981 ἰδιάζουσαι,
724 1893 836 1982 ἐπειδὴ
864 1898 921 1963 καί
945 1898 983 1962 αί
1002 1909 1091 1983 τρεῖς

77 1992 178 2069 αὗται
205 2009 326 2088 γωνίαι
353 2016 424 2082 τοῖς
450 2000 704 2089 εὐθυγράμμοις
734 2001 854 2089 μόνοις
882 2001 1091 2089 προσήκουσι

79 2109 238 2196 σχήμασι,
266 2108 380 2196 ίσότης
409 2108 446 2177 δὲ
474 2109 530 2176 καί
558 2107 715 2195 ἀνισότης
741 2113 810 2177 τῶν
838 2117 993 2196 πλευρῶν
1022 2114 1091 2176 ἔστι
1112 2128 1144 2179 1⁶

77 2213 189 2302 δήπου
214 2216 270 2284 καί
294 2219 331 2284 ἐν
357 2229 428 2296 τοῖς
455 2213 500 2302 μὴ
528 2212 789 2302 εὐθυγράμμοις.
841 2219 937 2283 δοκεῖ
963 2217 1003 2283 δέ
1032 2241 1090 2301 μοι

74 2323 133 2389 ιιαλ
156 2320 239 2407 πρὸς
262 2323 372 2390 ἐκεῖνο
395 2319 526 2391 ἀπιδών
550 2320 567 2391 ὁ
588 2319 799 2409 στοιχειωτὴς
816 2320 918 2408 χωρὶς
936 2317 1001 2388 ἀπὸ
1021 2325 1090 2388 τῶν

75 2437 212 2511 γωνιῶν
234 2426 442 2514 ποιήσασθαι
465 2426 528 2515 τὴν
553 2432 729 2515 διαίρεσιν,
753 2428 855 2514 χωρίς
878 2426 915 2494 δὲ
937 2424 1002 2494 ἀπὸ
1021 2429 1091 2493 τῶν

74 2537 244 2619 πλευρῶν,
268 2531 319 2602 ὅτι
342 2534 386 2620 μὴ
411 2538 478 2602 πᾶν
500 2540 668 2622 τρίγωνον
690 2534 747 2601 καλ
769 2539 979 2619 τρίπλευρον.
1021 2536 1090 2599 ἔστι

73 2638 142 2725 γὰρ
164 2646 311 2725 τρίγωνα
333 2638 373 2707 τὰ
395 2640 587 2727 καλούμενα
610 2638 689 2728 παρ’
715 2637 830 2719 αὐτοῖς
852 2637 1040 2726 ἀαιδοειδῆ,
1068 2634 1143 2708 ἀνθ

72 2745 301 2834 τετράπλευρά
326 2749 426 2832 ἐστιν,
451 2741 527 2815 οἷον
550 2757 584 2815 εί
601 2775 651 2828 τις
674 2747 727 2815 ἐπὶ
748 2751 826 2835 μιᾶς
842 2752 904 2815 τοῦ
922 2746 1090 2833 τριγώνου

73 2857 223 2939 πλευράς
258 2849 323 2921 ἀπὸ
360 2858 429 2921 τῶν
463 2853 616 2941 περάτων
653 2854 749 2933 ἐντὸς
784 2854 988 2941 συστήσηται
1026 2853 1089 2921 δύο

73 2956 223 3045 πλευρὰς
240 2960 347 3040 ἐντός·
369 2959 409 3029 τά
433 2966 571 3029 τοιαῦτα
594 2964 658 3048 γὰρ
681 2960 905 3047 τετράπλευρα
929 2962 990 3046 μίν
1010 2964 1090 3038 ἐστι,

72 3071 223 3151 τρίγωνα
238 3067 287 3134 δέ·
311 3064 398 3135 οὕτω
414 3065 446 3135 δ’
463 3064 506 3135 ἀν
522 3066 632 3152 εὕροις
650 3069 706 3135 καὶ
724 3067 915 3154 τετράγωνα
933 3071 1091 3146 πλείονας

74 3175 197 3258 ἔχοντα
218 3173 372 3259 πλευράς.
418 3172 503 3242 ἀλλὰ
526 3179 629 3243 ταῦτα
652 3174 715 3261 μὲν
743 3171 860 3252 οὕτως·
898 3174 934 3240 οί
957 3172 994 3240 δὲ
1019 3181 1088 3240 Πυ·
1108 3194 1142 3244 26

73 3277 252 3363 θαγόρειοι
265 3280 303 3347 τὸ
317 3279 380 3366 μὲν
392 3286 561 3367 τρίγωνον
574 3279 688 3360 ἁπλῶς
701 3279 810 3367 ἀρχὴν
824 3276 910 3347 εἶναι
928 3277 1090 3365 γενέσεώς

73 3405 173 3470 φασι·
209 3385 265 3453 καί
292 3385 356 3474 γὰρ
379 3392 475 3475 τριχῆ
499 3392 686 3456 διίστανται
715 3388 770 3455 καλ
799 3386 991 3473 συναγωγολ
1020 3390 1090 3454 τῶν

72 3490 184 3578 πάντη
211 3498 377 3582 μεριστῶν
400 3499 499 3563 είσιν·
527 3497 582 3563 καλ
607 3494 625 3563 ὁ
652 3494 819 3574 Φιλόλαος
841 3493 904 3581 τὴν
930 3497 992 3561 τοῦ
1021 3520 1088 3581 τρι

72 3597 191 3685 γώνον
211 3605 342 3685 γωνίαν
364 3603 537 3688 τέτταρσιν
560 3599 686 3689 ἀνῆκεν
703 3610 811 3690 θεοῖς,
834 3603 970 3694 Κρόνῳ,
985 3598 1089 3686 Ἄρει,

148 3764 171 3812 1.
196 3755 354 3831 ῶνείωται]
378 3761 493 3817 Ρτοολοτ
516 3779 545 3830 p.
565 3767 630 3828 164,
651 3768 697 3828 103
726 3758 885 3832 ωἰκειαται,
909 3785 969 3818 -ται
985 3764 1016 3818 in
1033 3782 1090 3820 rau.

74 3846 113 3884 m.
133 3835 157 3898 1,
176 3828 206 3886 P.
283 3836 323 3885 1⁷.
343 3827 480 3888 άπειδυν.
552 3838 593 3888 25.
614 3831 808 3909 Πνδαγόριοι.
881 3843 929 3896 11.
950 3835 1023 3913 Q
1039 3856 1087 3910 με.

906 3931 945 3991 ‘1⁸
