2414 4236
202 529 358 582 scnom
375 531 414 582 IN
431 527 707 582 ELEMENTORUM
724 527 864 580 LIBRUM
877 530 939 582 XII.
999 525 1063 592 637

53 684 114 741 τοῦ
137 677 252 759 τρίτου
275 671 397 757 μέρους
418 674 480 738 τοῦ
498 672 694 756 κυλίνδρου,
718 665 762 749 ἀς
781 669 929 754 ἐδείχθη·
954 676 1065 757 μεῖζον

53 776 120 863 ἀρα
153 776 208 845 καὶ
240 775 278 845 τὸ
311 767 438 864 πρίσμα
469 779 532 844 τοῦ
561 778 745 863 κυλίνδρου
778 772 833 843 διά
863 774 909 841 ιδ’
938 778 1000 843 τοῦ
1028 776 1066 844 ε’·

55 883 137 972 ὅπερ
161 881 301 968 ἀτοπον,
326 879 363 949 τὸ
388 883 665 969 ίμπεριεχόμενον
687 885 749 949 τοῦ
771 880 1022 970 περιέχοντοςέ)

121 993 173 1056 54.
211 985 279 1054 Διά
301 985 338 1056 τὸ
359 987 499 1054 δέκατον
516 990 579 1054 τοῦ
598 985 626 1055 ε’
645 992 793 1072 βιβλίου·
814 989 875 1057 τοῦ
893 985 958 1075 μάρ
973 993 1034 1075 πρί
1054 1028 1065 1040 -

56 1121 158 1182 ματος
180 1097 241 1162 τοῦ
264 1093 301 1161 τὸ
330 1092 529 1179 πολύγωνον
558 1099 693 1180 ἔχοντος
719 1093 821 1179 βάσιν
846 1100 1066 1182 τριπλασίονα
1103 1115 1120 1165 ο

56 1201 159 1286 λόγον
183 1205 318 1287 ἔχοντος
340 1198 424 1288 πρὸς
445 1198 507 1286 τὴν
530 1204 716 1288 πυραμίδα,
739 1191 779 1288 ἦς
800 1199 838 1269 τὸ
862 1197 944 1269 αῦτδ
969 1205 1067 1270 πολύ·

56 1333 169 1392 γωνον
188 1305 295 1391 βάσις,
314 1309 375 1372 τοῦ
395 1304 432 1373 δὲ
446 1309 631 1393 κυλίνδρου
644 1307 802 1374 ἐλάττονα
818 1306 873 1374 διά
887 1307 925 1376 τὸ
942 1306 1067 1394 ταύτην

54 1419 191 1500 μείζονα
211 1414 386 1499 δειχθῆναι
411 1407 431 1497 ἢ
451 1410 488 1480 τὸ
505 1416 621 1509 τρίτον
640 1422 701 1480 τοῦ
719 1416 913 1499 κυλίνδρου,
937 1410 1067 1500 ἀνάγκη

56 1518 189 1599 πάντως
217 1517 254 1586 τὸ
283 1523 409 1606 πρίσμα
433 1525 545 1606 μεῖζον
568 1515 656 1587 είναι
679 1520 741 1586 τοῦ
761 1522 954 1607 κυλίνδρου.
999 1523 1068 1588 τῶν

55 1622 119 1712 μάρ
147 1624 231 1714 πρὸς
258 1623 295 1692 τὸ
325 1621 407 1693 αὐτὸ
436 1624 539 1710 λόγον
568 1624 713 1712 ἐχόντων
740 1624 778 1693 τὸ
807 1630 940 1712 μείζονα
963 1624 1068 1712 λόγον
1088 1647 1121 1697 10

57 1737 135 1820 ἔχον
155 1735 266 1801 ’ἐκεῖνο
289 1731 402 1820 μεῖζόν
426 1733 524 1799 ἐστιν.

435 1928 494 1993 Ad
516 1951 620 2014 prop.
642 1927 698 1993 XI.

124 2056 177 2119 55.
209 2049 320 2136 Λοιπὴ
339 2048 404 2137 ἀρα
418 2047 439 2136 ἡ
454 2057 600 2137 πυραμίς
613 2076 645 2137 p.
658 2054 733 2136 200,
747 2054 781 2134 3]
801 2055 833 2118 εί
844 2046 910 2139 νάρ
923 2048 964 2119 τὰ
978 2053 1015 2135 Ξ,
1036 2057 1074 2117 Ψ

57 2156 174 2242 στερεὰ
198 2164 254 2224 ἴσα
278 2156 345 2223 ἐστὶ
369 2166 414 2246 τῷ
439 2162 513 2223 ΕΝ
530 2155 639 2248 κώνῳ,
663 2154 746 2224 ἀλλά
770 2155 809 2224 τά
828 2165 936 2244 ΕΘΟ,
955 2165 1027 2225 ΕΠ
1031 2164 1068 2243 Ζ,

58 2270 168 2347 ΖΡΗ,
184 2268 287 2328 ΗΣΘ
301 2261 519 2347 ἀποτμήματα
534 2263 699 2329 ἐλάσσονά
713 2264 782 2330 ἐστι
795 2267 857 2331 τοῦ
874 2271 912 2330 Ψ
922 2268 1068 2350 στερεοῦ,
1090 2283 1122 2332 15

58 2365 158 2454 λοιπὴ
173 2366 238 2456 ἀρα
252 2365 272 2454 ἡ
288 2373 444 2455 πυραμίς,
463 2357 504 2454 ἦς
517 2367 614 2453 βάσις
626 2366 664 2436 τὸ
677 2375 959 2437 ΘΟΕΠΖΡΗΣ
969 2369 1068 2440 πολύ·

58 2501 182 2560 μιονον,
205 2472 293 2554 ῦψος
316 2473 353 2542 δὲ
376 2500 414 2542 το
438 2469 521 2542 αῦτὸ
540 2478 586 2566 τῷ
604 2473 714 2565 κιόνρ),
738 2480 858 2563 μείζων
876 2476 945 2544 ἐστὶ
963 2481 1024 2545 τοῦ
1042 2479 1073 2554 Ξ

57 2583 202 2667 στερεοῦ.

126 2690 178 2754 56.
208 2684 305 2754 Ἀλλά
324 2686 379 2753 καί
400 2691 543 2756 ἔλασσον
561 2711 592 2773 p.
607 2690 681 2774 202,
696 2690 730 2771 3]
750 2698 820 2768 πῶς
833 2694 976 2757 ἔλασσον
990 2686 1073 2766 τδΞ

60 2791 196 2880 στερεὸν
226 2796 285 2877 τῆς
313 2794 349 2859 ἐν
376 2796 422 2885 τῷ
452 2799 524 2860 ΕΝ
551 2792 648 2884 κιόνῳ
681 2799 883 2882 πυραμίδος;
921 2796 1070 2883 δείξομεν
1088 2817 1124 2867 εο

61 2897 181 2979 οὕτως·
205 2898 274 2967 ἐπεὶ
296 2894 313 2965 ὁ
329 2905 403 2965 ΕΝ
416 2902 524 2978 κῶνος
543 2907 615 2979 ίσος
633 2899 701 2967 ἐστὶ
720 2911 790 2979 τοῖς
803 2904 841 2988 Ξ,
860 2908 897 2968 Ψ
913 2915 1070 2988 στερεοῖς,

60 3004 144 3074 ἀλλά
177 3003 217 3072 τά
252 3003 469 3091 ἀποτμήματα
502 3009 564 3073 τοῦ
594 3005 709 3074 κοίνου
742 3008 908 3076 ἐλάσσονα
939 3011 1000 3074 τοῦ
1038 3014 1076 3074 Ψ

60 3115 214 3197 στερεοῦ,
247 3108 284 3179 τὸ
313 3113 343 3187 Ξ
371 3108 436 3197 ἀρα
468 3115 612 3179 ἔλασσον
643 3114 701 3198 τῆς
734 3114 771 3180 ἐν
798 3116 842 3202 τῷ
870 3119 945 3180 ΕΝ
972 3111 1069 3205 κώνῳ

58 3221 255 3302 πυραμίδος.

59 3355 272 3363 ..-.-.--...

133 3413 158 3478 1)
182 3410 345 3465 Antecedit:
373 3415 467 3481 μεῖζον
492 3412 541 3466 τοῦ
565 3408 593 3482 μ’
617 3412 742 3483 μέρο(υ)ς
764 3413 815 3469 τοῦ
839 3415 989 3484 κυλίνδρου
1014 3413 1068 3482 V⁸;

59 3483 109 3537 cfr.
128 3480 183 3536 uol.
203 3479 241 3532 IV
261 3497 289 3549 p.
305 3487 365 3551 194,
383 3487 426 3536 22.

60 3611 272 3622 ...-..—...—

132 3682 174 3731 ει.
194 3675 231 3729 V¹
252 3676 297 3747 (ad
315 3693 342 3745 p.
360 3681 420 3746 194,
438 3682 491 3745 ετ).
565 3682 607 3733 τι.
627 3677 657 3733 Β.
730 3683 773 3736 τε.
791 3678 838 3733 v1.

60 3807 272 3816 .—-——--

133 3878 156 3927 7.
176 3869 295 3944 ταύτην]
315 3869 422 3928 τούτων
442 3873 474 3928 V.
