2414 4236
238 499 396 553 eunom
413 501 453 552 m
469 500 744 554 οιαωεατοευιι
762 504 901 556 mmm
914 505 936 559 1.
1026 502 1090 567 155

73 644 144 708 τῶν
167 638 228 726 μὲν
250 638 317 727 γὰρ
340 644 476 726 γωνιῶν
499 639 612 710 οὐσῶν
630 641 761 711 ἀνίσων
779 645 876 730 λέγω,
900 651 1014 730 φησίν,
1039 642 1089 712 ότι

73 745 131 812 καλ
149 749 188 813 αί
202 742 441 815 ὑποτείνουσαι
459 748 599 832 πλευραὶ
617 746 742 834 ἄνισοι,
760 750 816 816 καλ
834 748 855 836 ἡ
875 756 994 836 μείζων
1011 746 1091 818 ὑπο-

74 857 175 919 τείνει
192 850 255 939 τηυ
273 853 461 939 δεδομένην
480 860 614 939 μείζονα
633 861 771 940 γωνίαν.
808 859 839 923 εί
855 854 919 940 γάρ
939 855 983 942 μή
999 858 1089 923 έστιυ

74 956 183 1044 ἡτὴυ
205 965 341 1045 μείζονα
363 965 493 1045 γωνίαν
517 966 652 1047 μείζων,
681 970 737 1047 ἴση
766 961 856 1029 έστὶν
885 957 906 1047 ἢ
935 961 1090 1032 ἐλάττων.

72 1062 149 1133 ἀλλ’
170 1070 202 1133 εί
223 1064 286 1152 μὲν
309 1074 376 1152 ίση,
399 1066 456 1132 καὶ
478 1069 517 1132 αἱ
536 1072 667 1152 γωνίαι,
690 1063 730 1147 ἀς
747 1064 995 1151 ὑποτείνουσιν,
1019 1076 1088 1136 ίσαι
1126 1093 1142 1139 ε

72 1170 129 1239 διά
152 1169 192 1240 τό
216 1171 256 1240 ε’.
293 1176 324 1240 εί
347 1170 383 1239 δὲ
408 1171 569 1257 ἐλάσσων,
592 1173 649 1240 καὶ
667 1171 688 1261 ἡ
706 1179 825 1259 γωνία,
847 1170 891 1259 ἣν
909 1170 1088 1258 ὑποτείνει,

72 1277 226 1345 ἐλάσσων
250 1274 307 1343 διά
329 1274 367 1345 τὸ
391 1275 456 1366 πρὸ
481 1279 616 1346 τούτου·
655 1279 819 1345 δέδεικται
845 1276 910 1365 γὰρ
937 1275 1003 1345 ὑπὸ
1027 1277 1089 1364 τὴν

72 1389 209 1469 μείζονα
231 1388 362 1469 γωνίαν
383 1381 405 1470 ἡ
424 1389 544 1470 μείζων
563 1382 689 1473 πλευρὰ
707 1381 931 1452 ὑποτείνουσα
949 1383 1004 1450 καὶ
1024 1381 1089 1450 ὑπὸ

73 1488 137 1575 τὴν
152 1488 283 1557 έλάσσω
297 1487 318 1576 ἡ
333 1488 493 1557 έλάσσων.
530 1496 643 1576 έχουσι
663 1490 699 1558 δὲ
718 1488 884 1557 ἀνάπαλιυ
904 1493 941 1556 αί
956 1495 1089 1575 γωνίαι·

75 1601 199 1680 μείζων
221 1593 286 1682 ἄρα
311 1592 332 1682 ἡ
356 1592 483 1681 πλευρά
511 1599 568 1681 τῆς
596 1599 748 1683 πλευρᾶς.
794 1594 955 1683 ἐχρήσατο
985 1593 1022 1661 δέ
1049 1598 1088 1683 τῇ
1110 1619 1143 1668 10

74 1703 112 1768 εἰι
136 1702 328 1786 διαιρέσεως
356 1705 404 1781 είς
431 1698 470 1769 τό
499 1699 670 1769 ἀδόνατον
694 1701 823 1789 ἀγούση
848 1704 947 1782 δείξει
972 1699 1089 1784 βουλό-

72 1833 174 1893 μενος
187 1805 226 1875 τό
241 1804 469 1893 ἀντίστροφον
483 1811 619 1894 ποιῆσαι
633 1811 679 1898 τῷ
694 1809 934 1898 προηγουμένη)
945 1805 1089 1893 μηδενὸς

73 1913 195 1998 μεταξὺ
222 1918 526 2000 παρεμπίπτοντος,
560 1912 628 1979 ἐπεὶ
655 1913 711 1978 καὶ
738 1910 777 1980 τό
806 1912 840 1998 η’
865 1911 1088 2000 ἀντιστρέφον

76 2015 158 2105 πρὸς
179 2017 216 2087 τὸ
242 2017 277 2086 δ’
295 2016 425 2105 πολλὴν
449 2021 620 2104 ἐνεποίησε
643 2017 791 2105 ταραχὴν
815 2023 1088 2105 δυσεπίγνωστον

75 2127 219 2210 ποιῆσαν
231 2123 294 2212 τὴν
308 2123 553 2211 ἀντιστροφην·
577 2123 631 2193 διὸ
646 2124 688 2210 δὴ
703 2122 743 2191 τά
757 2124 964 2211 ἀντίστροφα
979 2125 1087 2194 πάντα
1108 2151 1142 2197 15

73 2228 121 2297 δι’
147 2224 318 2300 ἀδυνάτου
342 2235 492 2299 δείκνυσι
510 2231 632 2318 σχεδὸν
651 2229 731 2317 μετὰ
751 2235 812 2298 τοῦ
831 2229 893 2316 τὴν
912 2234 1087 2318 συνέχειαν

72 2335 265 2422 φυλάττειν.

141 2446 193 2510 77.
230 2441 338 2511 Τοῦτό
361 2445 430 2511 έστι
452 2440 490 2511 τό
509 2440 738 2528 ἀντίστροφον
756 2445 801 2533 τῷ
822 2443 984 2531 εἰρημένῳ
1004 2450 1087 2508 θεω-

73 2547 212 2637 ρήματι,
245 2558 303 2616 καί
329 2551 420 2617 ἐστιν
446 2547 578 2617 ἁπλοῦν
606 2551 643 2616 ἐν
671 2549 812 2639 ἑκατέρῳ
840 2545 878 2615 τὸ
903 2550 1089 2635 δεδομένον

71 2656 129 2723 καὶ
152 2656 191 2723 τὸ
215 2655 428 2743 ζητούμενον,
450 2656 506 2722 καὶ
529 2653 567 2722 τὸ
591 2654 654 2738 μὲν
676 2657 745 2722 ἐκεῖ
766 2656 984 2743 συμπέρασμα
1006 2652 1088 2722 ὑπό·
1107 2677 1142 2725 20

70 2766 170 2841 δεσίς
192 2762 283 2830 ἐστιν
307 2764 466 2847 ἐνταῦθα,
491 2760 512 2847 ἡ
536 2761 573 2829 δὲ
597 2763 666 2828 έκεῑ
686 2759 847 2841 ὑπόθεσις
870 2761 992 2830 τούτου
1010 2781 1088 2847 συμ-

61 2868 234 2954 πέρασμα.
270 2868 487 2952 προτέτακται
507 2865 544 2934 δὲ
563 2868 682 2951 ἐκεῖνο,
706 2866 793 2935 διότι
817 2870 1003 2954 δεδομένην
1022 2873 1088 2953 ἔχει

69 2972 134 3060 τὴν
158 2970 340 3058 ἀνισότητα
362 2976 432 3039 τῶν
453 2980 618 3058 πλευρῶν,
643 2974 752 3039 ἕπεται
772 2971 809 3040 δέ
827 2975 937 3056 τοῦτο,
962 2971 1013 3039 ότι
1031 2970 1089 3051 τὰς

69 3083 201 3166 γωνίας
214 3077 354 3157 ἀνίσους
367 3075 579 3146 ὑποτίθεται·
594 3082 732 3145 δοκοῦσι
746 3075 810 3164 γὰρ
824 3079 862 3143 αί
874 3074 935 3163 μὲν
948 3077 1088 3164 πλευραὶ

69 3184 112 3253 τὰ
135 3181 362 3272 εὐθύγραμμα
384 3186 563 3272 περιέχειν,
594 3188 632 3251 αί
658 3184 694 3250 δὲ
723 3188 842 3269 γωνίαι
865 3184 1086 3269 περιέχεσθαι.
1106 3208 1141 3256 25

69 3292 128 3359 καὶ
153 3287 172 3358 ό
195 3288 318 3378 τρόπος
342 3290 378 3359 δὲ
400 3295 460 3377 τῆς
482 3289 680 3371 ἀποδείξεως
704 3288 753 3358 ἐπ’
780 3293 911 3358 ἐκείνου
939 3288 1000 3375 μὲν
1024 3292 1087 3356 δει-

69 3400 203 3482 κτικοῖς,
223 3396 275 3465 ἐπὶ
295 3396 332 3464 δὲ
349 3398 473 3464 τούτου
491 3395 548 3464 διὰ
566 3400 625 3483 τῆς
644 3402 691 3476 εἰς
711 3394 881 3463 ἀδύνατον
901 3393 1088 3481 ἀπαγωγῆς.

145 3563 187 3612 77.
206 3558 236 3611 Ρ.

144 3708 170 3756 δ.
189 3698 230 3771 εί]
249 3716 282 3783 ιη,
301 3694 320 3766 ἧ
338 3697 372 3750 V.
446 3703 488 3752 16.
507 3697 571 3768 τοῦ]
590 3713 623 3751 ex
642 3696 742 3752 Proclo
761 3715 789 3767 p.
809 3702 870 3765 321,
892 3704 937 3763 173
956 3698 1088 3783 0m3Vq.

106 3778 152 3827 19.
176 3766 290 3827 άτλουτ
314 3765 363 3841 έν]
385 3764 479 3824 ἀπουν
504 3788 556 3838 μεν
580 3770 646 3837 (ουν
666 3770 772 3838 comp.)
796 3768 827 3822 P.
918 3769 1094 3840 Otfiopevovk

64 3840 261 3917 δεδιδόμιτοτ
281 3838 314 3895 Ρ.
