2414 4236
226 496 383 548 scnom
400 496 440 548 m
457 495 733 548 HAEMEMORUM
749 496 924 553 LIBRUMI.
1012 496 1075 561 lll

59 640 100 707 ἐν
127 649 200 718 τοῖς
224 634 444 723 θεωρήμασιν
470 633 509 704 τὸ
538 632 733 704 ἀκόλουθον
755 640 841 705 ἰδεῖν
868 638 925 706 καὶ
948 646 1077 727 μνώναι

59 757 135 825 τοίς
150 739 383 828 ὑποκειμένοις
400 743 642 830 προτιθέμεθα,
664 745 701 811 ἰν
720 744 758 812 δὲ
776 757 846 823 τοῖς
864 748 1076 835 προβλήμασι

62 855 270 938 πορίσασθαι
292 848 349 915 καλ
376 852 518 934 ποιῆσαί
537 875 568 916 τι
595 848 884 936 προσταττόμεθα,
917 851 1005 922 οὕτω
1033 853 1076 940 δῆ

62 956 120 1024 καλ
143 958 179 1025 ἐν
201 955 264 1044 μὲν
285 967 357 1034 τοίς
380 951 543 1040 ἀξιώμασι
564 959 670 1023 ταῦτα
692 955 911 1043 λαμβάνεται,
936 956 999 1027 ὅσα
1022 960 1077 1027 καί

63 1060 212 1133 αὐτόθεν
235 1066 282 1142 εἰς
304 1064 433 1148 γνῶσίν
456 1061 524 1128 ἐστι
547 1064 723 1148 καταφανῆ
747 1063 800 1129 καί
824 1062 983 1150 πρόχειρα
1006 1079 1078 1145 ταῖς
1114 1093 1131 1143 5

37 1202 40 1207 ·
61 1169 257 1250 ἀδιδάκτοις
278 1165 375 1255 ῆμών
399 1172 575 1252 διανοίαις,
599 1171 636 1236 ἐν
655 1167 693 1235 δὲ
710 1181 780 1248 τοῖς
799 1169 956 1256 αἰτήμασι
974 1176 1078 1240 ταῦτα

60 1282 179 1364 λαβεῖν
205 1278 381 1363 ζητοῦμεν,
409 1271 473 1343 ὅσα
497 1275 587 1343 ἰστίν
611 1272 790 1361 εὐπόριστα
815 1275 871 1343 καί
895 1276 1079 1364 εὐμήχανα,

60 1389 122 1471 τῆς
154 1388 309 1462 διανοίας
340 1379 382 1450 οὐ
409 1379 603 1468 καμνούσης
630 1381 705 1468 περί
732 1379 794 1467 τῆν
822 1387 926 1469 λῆψιν
954 1380 1079 1470 αὐτῶν,

63 1488 147 1558 οὐδὲ
170 1494 337 1566 ποικιλίας
358 1485 512 1572 δεόμενα.
548 1489 673 1571 γνῶσις
695 1483 761 1573 ἄρα
785 1488 928 1575 ἐναργὴς
945 1490 1001 1556 καὶ
1019 1488 1079 1557 ἀν-

64 1594 262 1673 απόδεικτος
283 1593 339 1661 καί
361 1597 463 1680 λῆψις
484 1588 708 1672 ἀκατάσκευος
728 1597 911 1679 διορίζουσι
929 1595 969 1663 τά
989 1596 1078 1684 αἰτή·
1099 1623 1133 1674 10

62 1729 153 1791 ματα
174 1701 230 1769 καί
252 1699 292 1769 τά
311 1698 491 1786 ἀξιώματα,
515 1696 626 1784 ώσπερ
649 1701 704 1766 καί
722 1704 847 1786 μνώσις
865 1698 1078 1790 ἀποδεικτική

61 1811 119 1878 καί
143 1818 243 1897 λῆψις
264 1816 334 1883 τών
359 1819 570 1904 ζητουμένων
593 1817 673 1904 μετά
696 1821 908 1905 παρασκευῆς
929 1813 969 1880 τά
993 1821 1080 1881 θεω-

63 1915 196 2004 ρήματα
217 1923 288 1989 τών
314 1922 563 2011 προβλημάτων
587 1926 764 2013 διέκρινεν.
804 1922 905 2010 ἀμφω
929 1921 992 2010 μὲν
1015 1909 1079 1987 οὐν

64 2021 104 2090 τὸ
136 2023 265 2115 ἀξίωμα
296 2028 352 2097 καί
383 2029 421 2098 τὸ
443 2040 577 2130 Ιαἰτημα
608 2031 646 2101 τὸ
675 2029 807 2099 ἀπλοῦν
834 2035 922 2118 ἔχειν
951 2023 1080 2096 δεῖκαὶ

65 2130 232 2219 εὔληπτον
254 2137 311 2202 καί
333 2133 594 2224 ἀναπόδεικτον,
622 2136 706 2206 ἀλλά
733 2137 771 2205 τὸ
799 2136 862 2224 μὲν
890 2143 1011 2220 αἰτημα
1035 2128 1080 2211 ώς
1100 2152 1132 2204 1⁶

64 2237 267 2329 εὐπόριστον
281 2243 485 2330 λαμβάνεται
499 2246 555 2312 καὶ
570 2249 712 2313 δίδωσιν
726 2240 809 2330 ῆμίν
820 2239 1080 2328 μηχανήσασθαι

63 2346 122 2413 καί
143 2355 356 2434 πορίσασθαί
374 2377 450 2419 τινα
471 2349 558 2438 ὐλην
582 2356 629 2431 εἰς
652 2347 892 2436 συμπτώματος
914 2344 1080 2413 ἀπόδοσιν

64 2448 177 2540 ἁπλῆν
199 2459 345 2541 ἔχουσαν
367 2457 424 2524 καί
446 2454 566 2543 εὐπετῆ
589 2456 653 2543 τῆν
675 2463 796 2541 λῆψιν,
824 2451 862 2522 τό
891 2454 929 2521 δὲ
952 2451 1080 2537 ἀξίωμα

64 2556 111 2640 ώς
134 2557 327 2646 εὔγνωστον
351 2560 563 2650 ὡμολόγηται
585 2564 641 2630 καὶ
665 2559 776 2630 οὐκέτι
799 2561 874 2648 περὶ
896 2560 959 2648 τῆν
981 2559 1079 2644 ὐλην,

64 2662 178 2752 ώσπερ
201 2664 243 2733 τά
266 2666 445 2754 αἰτήματα,
472 2665 557 2735 ἀλλά
580 2668 656 2755 περὶ
680 2665 719 2734 τά
743 2665 975 2754 συμβεβηκότα
999 2659 1079 2731 άνα-
1098 2686 1134 2736 20

66 2772 243 2860 στρέφεται
265 2772 322 2840 καί
340 2769 422 2842 αὐτό
446 2777 516 2842 ἐστι
539 2772 713 2860 γνώριμον
734 2787 804 2853 τοῖς
827 2771 1001 2841 ἀκούουσι.

134 2881 186 2947 10.
224 2882 273 2947 Ac
296 2880 513 2969 μεωμετρικαί
542 2880 641 2968 ἀρχαὶ
668 2883 764 2967 τριχῆ
794 2883 1006 2963 διαιροῦνται
1034 2884 1081 2956 εἰς

63 3009 100 3052 τε
121 2979 307 3065 ὐποθίσεις
327 2987 383 3054 καὶ
406 2986 570 3074 αἰτήματα
591 2986 646 3053 καί
666 2984 843 3072 ἀξιώματα.
880 2985 1081 3068 διαφέρουσι

66 3090 103 3158 δὲ
125 3087 167 3159 τά
191 3090 355 3179 αἰτήματα
378 3097 446 3162 τών
462 3091 670 3180 ἀξιωμάτων,
694 3090 747 3160 ότι
769 3089 809 3158 τά
833 3090 894 3177 μὲν
913 3086 1082 3174 ἀξιώματα

65 3195 251 3266 αὐτόπιστα
272 3198 329 3265 καί
352 3196 511 3286 οὐδεμιᾶς
534 3199 677 3287 δεόμενα
700 3196 900 3278 ἀποδείξεως
921 3192 1004 3261 κατὰ
1024 3193 1082 3273 τὰς
1100 3211 1135 3263 νο

64 3299 271 3384 άδιδάκτους
293 3301 388 3392 ῆμών
412 3308 562 3392 ἑννοίας,
589 3305 629 3373 τά
660 3306 697 3374 δὲ
725 3302 888 3390 αἰτήματα
915 3301 971 3367 καὶ
994 3297 1079 3367 αὐτὰ

65 3408 127 3497 μὲν
151 3407 199 3490 ώς
220 3406 335 3497 ἀληθῆ
363 3410 610 3498 λαμβάνονται,
643 3413 778 3479 δέονται
807 3409 845 3477 δὲ
871 3405 1082 3490 ἀποδείξεως,

138 3647 181 3698 10.
202 3639 232 3698 P.

137 3862 182 3913 ιλ.
201 3852 258 3927 εἰς]
277 3852 306 3911 εἰ
321 3854 370 3909 Vf.
