2414 4236
231 521 388 574 scfloffl
406 523 446 573 IN
463 523 739 577 EIAEMENTORUM
756 526 896 578 LIBRUM
909 528 931 582 1.
1020 524 1083 589 187

69 669 107 732 ἔκ
129 666 255 731 τετῶν
276 663 501 751 παραλλήλων
523 665 579 732 καλ
602 666 639 733 έκ
661 668 729 733 τῶν
751 666 873 747 ταύτας
897 668 1084 752 ἐπιζευγνυ-

68 773 195 839 ουσῶν.
239 771 440 856 προσεκτέον
464 771 502 839 δὲ
525 775 570 864 τῷ
595 768 727 858 ἀκριβεῖ
746 775 806 858 τῆς
826 772 1025 860 προτάσεως.

139 879 211 945 117.
249 877 348 963 Μέρη
378 877 462 963 φησὶ
488 881 557 945 τάν
584 877 807 964 παραλλήλων
834 876 875 946 τά
905 878 967 946 δύο
996 878 1083 966 άκρα

65 980 124 1048 καλ
148 979 185 1049 τὸ
209 981 321 1068 μέσον.
367 983 457 1069 λέγει
481 974 543 1051 οὖν
568 980 586 1050 ὁ
611 982 824 1071 στοιχειωτής
851 985 904 1052 ἐπὶ
931 983 972 1052 τά
998 984 1082 1053 αι’πά

65 1089 151 1174 μέρη
175 1085 263 1156 εἶναι
282 1086 341 1167 τάς
360 1087 649 1176 έπιζευγνυοάσας,
674 1098 764 1177 είπερ
785 1094 918 1158 ἔσονται
938 1099 1007 1159 ίσαι
1024 1093 1080 1159 καλ
1119 1115 1136 1164 5

64 1192 285 1281 παράλληλοι.
331 1198 363 1262 εί
388 1193 453 1281 γάρ
480 1193 501 1282 ἡ
530 1195 593 1283 μὲν
622 1199 692 1278 έπιζ
721 1195 784 1277 ’ξαι
811 1195 871 1276 τὰς
901 1199 1083 1283 δεδομένας

66 1300 301 1388 παραλλήλους
327 1299 411 1368 κατά
438 1299 477 1369 τὸ
510 1303 629 1389 μέσον,
663 1299 683 1389 ή
717 1301 755 1370 δέ
785 1301 868 1370 κατὰ
897 1304 934 1371 τό
964 1301 1081 1391 άκρον,

65 1404 145 1474 οὔτε
170 1414 240 1475 ἴσαι
262 1405 340 1476 οὔτε
363 1406 573 1495 παράλληλοι
586 1413 741 1491 Ιἔσονται.

396 1604 452 1669 Ad
476 1626 580 1690 prop.
603 1605 752 1671 XXXIV.

138 1726 209 1792 118.
240 1722 285 1792 Τὸ
304 1730 346 1793 λδ
352 1724 361 1748 ’
379 1724 542 1813 θεώρημα
561 1723 672 1814 ὥσπερ
690 1724 876 1794 ὑπόστασιν
892 1725 957 1815 ήδη
973 1725 1079 1811 λαβὸν
1100 1752 1133 1801 10

65 1832 127 1897 τοῦ
153 1830 505 1919 παραλληλογράμμου
533 1833 568 1899 ἐκ
596 1835 657 1899 τοῦ
681 1834 927 1920 προειρημένου
949 1834 1080 1920 θεωρή-

66 1961 169 2022 ματος
199 1934 239 2003 τὰ
270 1935 550 2024 χαρακτηριστικὰ
583 1940 642 2023 τῆς
676 1941 764 2018 ίδίας
796 1938 986 2019 συστάσεως
1017 1942 1078 2006 τοῦ

65 2039 416 2128 παραλληλογράμμου
438 2050 576 2127 θεωρεῖ,
601 2040 622 2110 ά
645 2046 714 2110 έστι
736 2048 855 2132 ταῦτα,
877 2043 915 2112 τὸ
939 2044 999 2125 τάς
1021 2044 1078 2111 άπ-

65 2151 223 2216 εναντίον
242 2145 388 2234 πλευράς
411 2155 484 2229 ίσας
507 2145 595 2215 εἶναι
622 2150 679 2216 καλ
706 2148 764 2229 τάς
790 2156 916 2236 γωνίας
937 2149 996 2230 τὰς
1019 2147 1078 2218 άπ-

64 2257 221 2322 εναντίον
239 2260 313 2333 ίσας
331 2253 438 2322 καὶτὸ
455 2259 531 2342 δίχα
545 2255 727 2340 τέμνεσθαι
741 2253 806 2323 ὑπὸ
821 2260 880 2341 τής
899 2257 1078 2343 διαμέτρου
1098 2283 1131 2332 15

62 2358 105 2427 τά
122 2365 237 2447 χωρία.
273 2362 349 2447 περὶ
368 2359 433 2449 γάρ
452 2360 582 2429 τούτων
601 2368 730 2448 εἴρηται
744 2359 781 2429 τὸ
795 2358 886 2447 καλή
903 2360 1079 2447 διάμετρος

63 2463 150 2532 αὐτὰ
173 2468 251 2552 δίχα
273 2467 395 2553 τέμνει,
419 2464 465 2546 ὡς
487 2463 574 2535 εἶναι
597 2464 634 2535 τὸ
656 2464 805 2552 ἐμβαδὸν
824 2464 861 2534 τὸ
881 2466 1079 2555 διχοτομού-

63 2597 168 2659 μενον
191 2569 285 2658 ὅλον,
308 2570 395 2640 άλλά
418 2574 463 2659 μὴ
486 2573 544 2653 τάς
565 2580 701 2661 γωνίας,
726 2571 771 2640 δι’
793 2565 880 2660 άνὴ
901 2571 1079 2661 διάμετρος

61 2684 201 2767 ἔρχεται.
238 2669 260 2746 δ
278 2678 316 2746 δὲ
334 2676 444 2747 ὄντων
463 2679 830 2768 παραλληλογράμμων,
849 2678 940 2749 άκαλ
955 2683 992 2750 έν
1006 2691 1079 2762 ταῖς

59 2783 269 2854 ὑποθέσεσιν
283 2781 439 2871 ὡρίσατο,
458 2789 519 2854 τοῦ
533 2786 755 2873 τετραγώνου,
769 2790 831 2854 τοῦ
846 2786 1077 2874 ἑτερομήκους,
1096 2813 1131 2862 20

60 2895 123 2960 τοῦ
146 2889 293 2980 ῥόμβου,
315 2893 377 2957 τοῦ
401 2893 635 2978 ρομβοειδοῦς,
666 2896 697 2959 εί
719 2891 780 2979 μὲν
803 2889 885 2959 κατά
910 2890 951 2961 τὰ
975 2889 1077 2982 ὀρθο-
1162 2902 1165 2907 ’

61 2997 172 3084 γοὶνια
195 3001 322 3082 γίνεται
345 2993 367 3083 ή
392 2999 570 3084 διαίρεσις,
599 2999 633 3078 ἐξ
656 2996 806 3084 ἀνάγκης
828 2997 883 3064 καὶ
907 2996 947 3064 τά
970 3004 1076 3085 χωρία

60 3106 303 3192 διχοτομοῦσιν
326 3107 364 3170 αἱ
385 3106 557 3192 διάμετροι
584 3105 640 3171 καί
667 3101 766 3171 αὐταί
794 3113 864 3173 ίσαι
892 3108 994 3190 είσίν,
1023 3104 1076 3172 ἐπὶ

62 3209 100 3278 δὲ
131 3213 200 3279 τῶν
233 3207 278 3295 μὴ
307 3208 488 3295 τοιούτων,
523 3207 644 3279 άνισοι.
699 3209 801 3278 πάλιν
830 3210 882 3277 ἐπὶ
909 3213 978 3277 τῶν
1008 3213 1075 3278 ίσο-

60 3313 216 3402 πλεάρων
244 3313 301 3382 καὶ
324 3340 365 3382 τα
392 3319 498 3402 χωρία
527 3318 604 3401 δίχα
631 3316 812 3402 τέμνουσιν
840 3318 878 3382 αί
903 3315 1075 3404 διάμετροι
1094 3342 1128 3390 εο

59 3421 117 3488 καὶ
139 3422 198 3501 τάς
218 3425 355 3508 γωνίας,
380 3418 425 3487 δι’
452 3411 500 3488 ὧν
525 3411 623 3488 αὗται
646 3422 819 3509 φέρονται,
843 3415 917 3489 οἷον
941 3422 994 3490 έπί
1014 3426 1075 3490 τοῦ

134 3623 194 3673 ιιι.
212 3616 250 3672 1¹.
325 3618 383 3673 118.
404 3614 521 3684 Μή).

134 3800 159 3851 1.
182 3788 231 3865 λιι]
251 3792 325 3879 (ελλη
348 3807 402 3847 om.
422 3793 453 3848 B.
549 3796 592 3847 22.
617 3787 648 3858 ἐξ
671 3787 939 3867 άνάγκης],ροελεο.
956 3794 1025 3850 αδδ.
1040 3793 1084 3864 V.

60 3881 118 3921 om.
136 3881 163 3934 q.
236 3868 279 3918 τι.
297 3864 405 3936 amoc]
423 3880 493 3920 ειοε.
515 3861 546 3920 V.
