2414 4236
214 486 372 539 senom
390 487 428 538 οι
446 487 720 539 ammom
738 487 877 538 mmm
890 487 925 541 11.
1012 483 1077 548 233

63 629 172 710 σείας,
198 624 235 693 τὸ
264 626 302 694 δὲ
325 623 392 694 άπὸ
415 631 475 712 τῆς
498 627 578 713 δλης
599 626 812 714 τετράγωνον
834 624 1079 713 τετραπλάσιον

64 735 158 798 ἕσται
180 734 241 800 τοῦ
263 727 327 799 άπὸ
350 736 410 818 τῆς
431 729 593 819 ἡμισείας.

132 839 184 904 30.
202 833 311 929 Ἔστω
326 835 347 924 ἡ
361 846 427 906 AB
447 837 608 924 μονάδων
624 847 645 921 ζ
677 839 854 925 τετμήσθω
874 841 921 917 εἰς
940 829 962 905 δ
979 837 1034 905 καὶ
1048 844 1077 922 γ.

62 939 101 1010 τὸ
133 939 198 1010 άπὸ
225 947 284 1029 τῆς
312 941 392 1031 ὅλης
418 942 631 1032 τετράγωνον
662 943 770 1032 ἤγουν
801 948 870 1012 των
899 935 925 1025 ξ
951 949 1078 1031 γίνεται

63 1048 225 1134 μονάδων
242 1040 302 1136 ᾗ.
338 1048 376 1117 τὸ
401 1049 439 1118 δὲ
461 1047 528 1118 άπὸ
546 1054 615 1118 τῶν
633 1043 660 1118 δ
676 1055 805 1138 γίνεται
822 1057 858 1121 ιξ
879 1050 935 1117 καὶ
954 1048 991 1118 τδ
1011 1046 1077 1118 ὑπὸ
1114 1080 1132 1129 5

62 1145 182 1222 τωνδ
213 1155 268 1222 καὶ
298 1162 319 1243 γ
345 1161 473 1242 γίνεται
491 1147 546 1243 ἴδ’,
577 1158 634 1224 καλ
660 1156 763 1225 πάλιν
785 1149 826 1243 δ,
859 1157 915 1224 καλ
945 1154 984 1224 τὸ
1011 1153 1078 1225 ὑπὸ

60 1263 132 1328 τῶν
153 1251 179 1328 δ
199 1262 254 1329 καὶ
277 1267 299 1349 γ
321 1253 370 1348 ι’δ·
398 1258 485 1349 ὁμοῦ
508 1254 567 1349 ᾗ.

134 1368 186 1433 31.
221 1363 368 1453 Ἐτμήθη
396 1365 418 1454 ἡ
446 1366 563 1437 εὐθεῖα
590 1368 740 1456 γραμμή,
769 1365 814 1449 ὦς
836 1373 966 1456 ἔτυχεν,
995 1364 1078 1436 κατά

61 1469 101 1538 τὸ
120 1476 158 1538 Γ.
196 1476 265 1540 ἔστι
285 1472 322 1540 δὲ
340 1471 361 1560 ἡ
382 1471 442 1559 ὅλη
461 1473 623 1560 μονάδων
640 1486 674 1561 ῆ,
696 1473 737 1544 τά
762 1474 800 1542 δὲ
821 1473 985 1562 τμήματα,
1009 1473 1078 1542 ἐπεὶ

61 1573 167 1644 άνισά
194 1581 272 1666 εἰσι,
304 1578 466 1666 μονάδων
496 1581 593 1649 πέντε
620 1582 676 1648 καὶ
703 1584 817 1666 τριῶν.
865 1578 886 1668 ἡ
920 1578 981 1666 ὅλη
1014 1571 1078 1647 οὖν
1098 1609 1132 1660 10

63 1683 157 1751 ἐστιν
181 1681 313 1765 ὀκτάκις
336 1683 421 1753 ὀκτώ
439 1678 495 1772 ξ’,
518 1683 590 1773 ἥτις
613 1685 717 1769 ἰσάζει
738 1701 809 1768 τοῖς
830 1684 895 1755 άπὸ
914 1691 984 1756 των
1001 1710 1078 1772 τμη-

63 1788 181 1874 μάτων
203 1791 424 1879 τετραγώνοις
450 1792 506 1860 ιιαλ
529 1796 574 1883 τῷ
604 1796 670 1876 δίς,
698 1788 774 1862 οἷον
801 1792 956 1873 πεντάκις
982 1793 1078 1860 πέντε

64 1897 270 1966 εἰκοσιπέντε
288 1898 344 1965 καὶ
358 1897 529 1986 τρισσάιιις
543 1913 630 1984 τρεῖς
648 1892 687 1966 δ’
712 1897 797 1987 ὁμοῦ
815 1891 866 1970 λ’δ.
901 1899 957 1968 καὶ
977 1891 1079 1980 αὖθις

63 1999 133 2068 σὺν
154 2000 286 2083 τούτοις
309 2002 464 2084 σύναψον
486 2006 524 2072 τδ
548 2006 600 2085 δὶς
617 2002 684 2073 ὑπὸ
703 2010 771 2074 τῶν
788 2005 979 2093 τμημάτων,
1003 1999 1078 2074 οἷον

63 2107 219 2187 πεντάκις
243 2123 332 2197 τρεῖς
354 2116 384 2178 ι“ε
406 2110 461 2177 καὶ
484 2109 640 2189 πεντάκις
662 2124 750 2198 τρεῖς
773 2117 816 2179 ιἐ·
844 2110 930 2199 ὁμοῦ
953 2105 982 2181 λ.
1022 2114 1078 2180 καὶ
1098 2140 1132 2190 16

65 2215 190 2284 λοιπὸν
212 2221 366 2301 γίνονται
384 2208 440 2302 'Ec-5,
464 2215 546 2296 ὅσας
569 2215 634 2302 εἶχε
657 2217 713 2283 καὶ
737 2213 757 2303 ἡ
781 2214 851 2303 ὅλη.

133 2324 186 2391 32.
216 2317 362 2409 Ἐτμήδη
387 2320 408 2408 ἡ
432 2327 574 2391 δοθεῖσα
602 2318 721 2390 εὐθεῖα
747 2319 768 2409 ἡ
792 2328 858 2390 AB
864 2373 874 2409 ,
903 2320 948 2402 ὡς
976 2328 1079 2409 ἔτυχε,

62 2424 148 2503 κατὰ
170 2426 209 2497 τὸ
232 2433 266 2495 Γ
284 2441 432 2514 σημεῖον.
478 2433 546 2496 ἔστι
570 2427 608 2495 δὲ
630 2424 651 2514 ἡ
676 2425 737 2514 ὅλη
760 2425 868 2514 ἤγουν
890 2423 911 2514 ἡ
934 2435 1000 2495 AB
1024 2453 1080 2514 μα

63 2532 183 2602 νάδων
204 2539 254 2621 ῐγ,
281 2533 322 2602 τά
345 2534 383 2602 δὲ
405 2533 556 2621 τμήματα
583 2534 719 2621 ταύτης,
749 2534 819 2601 ἐπεὶ
846 2530 947 2601 άνισά
975 2535 1079 2603 ἐστιν·

64 2641 102 2709 ἐκ
125 2649 287 2727 περισσοῦ
308 2641 372 2726 γάρ
395 2640 450 2707 καὶ
474 2637 591 2726 άρτῖου
614 2637 722 2727 ἤγουν
740 2630 759 2722 ξ
778 2640 833 2707 καὶ
852 2645 882 2726 ξ,
907 2645 942 2708 ολ
957 2641 1013 2709 καὶ
1032 2645 1079 2721 εἰς
1097 2668 1133 2717 20

64 2744 207 2826 ἑαυτοὺς
229 2745 596 2833 πολλαπλασιαζόμενοι
619 2746 771 2834 ἑκάτερος
796 2746 927 2817 τούτων
953 2748 1009 2815 καὶ
1033 2752 1080 2828 εἰς

65 2849 233 2935 ἀλλήλους
254 2851 547 2939 παραβαλλόμενοι
572 2853 629 2920 καὶ
656 2853 767 2937 ἕτερος
788 2851 936 2940 θάτερον
959 2861 1080 2922 πολλα-

66 2953 259 3037 πλασιάζων
280 2962 416 3026 ποιοῦσι
443 2956 482 3026 τὸ
506 2955 588 3026 ὅλον
611 2956 759 3046 ἐμβαδὸν
786 2961 846 3026 τοῦ
869 2961 1080 3045 τετραγώνου

65 3059 176 3149 ἤγουν
198 3071 258 3130 τοῦ
277 3070 417 3132 ΑΔΕΒ
441 3063 602 3151 μονάδων
625 3057 698 3153 ρξ’δ.
735 3066 772 3131 αλ
794 3055 857 3133 οὖν
879 3069 915 3151 ῖγ
937 3066 1081 3151 μονάδες

138 3262 181 3312 30.
201 3257 239 3326 q¹.
317 3263 360 3313 31.
380 3260 468 3328 q(A).
547 3262 589 3313 32.
608 3257 641 3327 q'
660 3260 771 3328 (parum
789 3257 929 3329 integrum
948 3259 1079 3331 uidetur).

138 3459 163 3507 4.
187 3455 316 3523 γίνονται
339 3470 366 3522 q.
414 3451 504 3523 Supra
527 3469 578 3508 ser.
605 3447 722 3516 ἑπτάκις
744 3449 799 3523 γάρ
826 3449 896 3508 ἑπτά
924 3470 1009 3510 manu
1036 3471 1080 3510 re-

66 3543 192 3598 centiore
211 3559 237 3611 q.
312 3546 337 3596 ὁ.
356 3543 484 3611 γίνονται
502 3559 528 3610 q.
593 3546 618 3596 6.
638 3542 766 3611 γίνονται
786 3559 813 3611 q.
877 3541 927 3598 ιιαλ
939 3539 1025 3598 πάλιν
1037 3535 1079 3613 ᾗ]

66 3611 169 3668 lacuna
179 3629 240 3668 ειεε
249 3612 371 3667 uidetur.
420 3615 473 3666 καί
499 3609 625 3682 (εωλετό)
640 3628 786 3682 suprascr.
798 3613 859 3669 ead.
869 3630 954 3668 manu
964 3631 991 3683 q.
1038 3619 1080 3669 13.

66 3680 193 3753 τρισάτιις
211 3701 237 3753 q.
311 3688 354 3739 16.
373 3679 473 3738 λοιπόν
507 3687 682 3752 corruptum
701 3682 766 3738 fort.
785 3680 867 3751 δμοῦ.
924 3691 964 3740 17.
983 3679 1001 3750 ἡ
1017 3685 1080 3756 ΑΒ]

68 3770 223 3825 suprascr.
243 3754 303 3810 ead.
322 3769 408 3808 manu
427 3771 453 3840 q.
544 3759 589 3808 λλ.
612 3753 661 3808 καὶ
680 3751 775 3823 ἔτερος
793 3750 931 3826 (άτεροςῖ)
954 3755 1081 3825 θάτερον

70 3824 226 3896 (δατδρωλ)
245 3824 508 3898 πολλαπλασιαζων]
527 3840 583 3895 mg.
604 3824 666 3881 ead.
684 3840 760 3882 man.
777 3841 807 3898 q.
