2414 4236
127 562 191 626 152
276 561 435 615 scnom
452 561 492 614 m
509 558 785 613 υυωιιυιιτοιιυυ
800 556 977 611 mum

463 756 520 823 Ad
541 777 648 842 prop.
669 754 805 821 XXXII.

194 884 269 950 112.
299 886 437 948 Είωθεν
458 875 480 965 ή
503 881 628 965 γνῶσις
649 873 671 964 ή
693 873 836 964 ήμετέρα
859 878 896 945 ἐκ
916 879 979 945 τοῦ
998 873 1142 956 ἀτελοῦς

126 991 339 1074 μεταβαίνειν
357 986 410 1053 έπλ
428 983 467 1053 τὸ
486 986 624 1055 τέλειον.
659 981 714 1051 διὸ
728 980 820 1070 καλή
834 984 996 1070 ἐπιστήμη
1014 977 1140 1070 ὁμοίως

125 1096 293 1179 προιοῦσα
320 1093 355 1159 ἐκ
378 1095 446 1160 τῶν
473 1088 642 1178 ἀορίστων
665 1088 832 1175 ἐπιβολῶν
854 1089 908 1157 έπλ
929 1085 1010 1169 τοὺς
1032 1084 1140 1177 ὁριζο-

90 1199 248 1284 ομένους
269 1199 326 1266 καὶ
349 1194 567 1284 ἀνελέγκτους
594 1194 718 1282 λόγους
741 1200 942 1283 μεταβαίνει
986 1191 1052 1263 ὅσα
1073 1191 1139 1284 γάρ

125 1307 276 1373 ἐνέλιπεν
299 1306 336 1372 έν
358 1308 405 1397 τῷ
424 1302 469 1378 ις’
489 1304 546 1371 καὶ
564 1301 607 1385 ιζ’
624 1303 829 1389 θεωρήματι,
850 1303 1015 1371 τοσοῦτον
1037 1318 1140 1391 προσ·

125 1415 261 1496 τίθησιν
285 1412 323 1478 ἐν
345 1408 465 1502 τούτῳ·
490 1406 534 1478 οῦ
553 1407 619 1497 γὰρ
641 1406 761 1496 μόνον,
783 1406 835 1477 ὅτι
856 1404 878 1496 ή
900 1405 995 1489 έκτὸς
1015 1405 1140 1477 τοῦτον

123 1519 186 1585 τοῦ
221 1515 390 1605 τριγώνου
427 1515 582 1604 ἑκατέρας
616 1517 685 1584 τῶν
721 1516 817 1595 έντὸς
847 1514 904 1581 καλ
935 1511 1139 1583 ἀπεναντίον

125 1629 263 1708 μείζων,
276 1622 333 1690 διὰ
353 1620 476 1691 τοῦτον
493 1620 727 1708 μανθάνομεν,
745 1619 831 1689 ἀλλά
849 1621 906 1688 καί
925 1616 994 1713 ὅσω
1007 1626 1138 1708 μείζων.

76 1750 109 1799 10
128 1736 183 1813 ίση
208 1727 277 1815 Ιγιίρ
306 1724 510 1815 ἀμφοτέραις
530 1718 623 1816 ἰοῦσα
650 1731 771 1814 μείζων
798 1727 890 1795 ἐστὶν
916 1724 1071 1814 ἑκατέρας
1097 1730 1138 1816 τῇ

124 1838 236 1922 λοιπή.
281 1829 362 1901 οὐδὲ
389 1830 440 1901 ὅτι
469 1831 533 1901 δύο
560 1835 620 1901 τοῦ
642 1830 816 1922 ζτριγῶνου
844 1828 1023 1901 ὁποιαιοῦν
1046 1830 1140 1902 ἐλάτ-

124 1941 220 2018 τονές
242 1943 304 2006 τίσι
330 1941 429 2005 δυοῖν
452 1934 590 2026 ὀρθαῖν,
613 1939 650 2006 ἐκ
671 1936 795 2006 τοῦτον
812 1937 1032 2024 γινώσκομεν,
1054 1936 1140 2007 ἀλλά

125 2044 181 2111 καὶ
203 2043 296 2133 πόσῳ
321 2042 489 2123 ἐλάττους·
516 2048 556 2133 τῇ
580 2042 644 2131 γὰρ
667 2048 766 2133 λοιπή
789 2048 857 2137 τῶν
874 2048 987 2131 τριῶν.
1028 2046 1139 2113 ἐκεῖνα

126 2150 187 2236 μὲν
211 2142 274 2217 οὖν
297 2149 515 2238 ἀοριστότερά
538 2175 609 2231 πως
626 2143 670 2237 ήν
688 2177 729 2218 τα
747 2149 959 2237 θεωρήματα,
982 2151 1140 2219 τοῦτοδὲ

74 2238 107 2285 ¹⁵
125 2256 186 2325 τὸν
209 2262 267 2343 τῆς
289 2256 468 2344 ἐπιστήμης
491 2256 574 2346 ὅρον
597 2255 799 2345 ἀμφοτέροις
821 2256 979 2343 ἐπήγαγε,
1003 2258 1059 2324 καλ
1083 2256 1139 2325 θιά

125 2368 225 2431 τοῦτο
246 2361 287 2432 οῦ
305 2362 439 2452 περιττά
459 2360 502 2433 ἂν
521 2373 671 2451 εἴποιμεν
690 2366 810 2432 ἐκεῖνα.
848 2368 917 2431 ἔστι
936 2363 974 2431 δὲ
993 2366 1137 2432 διπλοῦν

125 2469 163 2538 τὸ
187 2472 349 2557 θεώρημα
371 2474 471 2538 τοῦτο
494 2470 577 2537 κατά
599 2496 634 2539 τε
657 2469 695 2538 τὸ
721 2469 923 2557 ζητούμενον
947 2471 1003 2538 καὶ
1025 2468 1063 2538 τὸ
1088 2476 1139 2539 δε-

126 2579 280 2663 δόμένον.
317 2577 431 2661 ἕτερον
454 2576 515 2661 μὲν
533 2576 599 2664 γάρ
619 2578 687 2644 ἐστι
706 2575 744 2644 τὸ
763 2576 825 2663 τήν
844 2578 937 2656 έκτὸς
955 2585 1033 2663 ίσην
1051 2573 1138 2644 εἶναι

127 2692 166 2769 τῇ
191 2682 286 2760 ἐντὸς
303 2681 358 2747 καὶ
378 2679 592 2750 ἀπεναντίον·
617 2686 767 2749 δείκνυσι
785 2685 850 2771 γὰρ
868 2687 968 2751 τοῦτο
984 2685 1137 2769 ἐκβεβλη-

71 2808 107 2858 20
125 2790 232 2874 μένην
263 2784 412 2873 πλευράν
444 2786 494 2854 ἐπ’
525 2786 660 2867 εὐθείας
692 2798 751 2877 μιᾷ
780 2793 848 2856 τῶν
876 2793 938 2857 τοῦ
969 2788 1138 2875 τριγώνου

124 2897 286 2981 πλευρῶν.
334 2895 449 2981 ἕτερον
472 2895 513 2962 δέ
533 2897 602 2962 έστι
625 2893 662 2962 τὸ
685 2895 744 2974 τὰς
766 2893 859 2975 ἐντὸς
886 2900 947 2963 τοῦ
969 2894 1138 2984 τριγώνου

126 2999 189 3068 δύο
213 2997 336 3087 ὀρθαῖς
363 3008 437 3080 ίσας
460 2997 560 3068 εἶναι·
597 3005 748 3069 δείκνυσι
775 3000 855 3088 γάρ,
884 3000 936 3070 ὅτι
963 3000 1001 3071 τὸ
1029 3007 1138 3088 σχῆμα

125 3105 291 3193 τρίγωνόν
315 3107 414 3174 ἐστιν.
451 3105 521 3172 ἐπεὶ
545 3105 583 3173 δὲ
607 3110 736 3193 ἔχομεν,
760 3104 811 3174 ὅτι
829 3110 953 3186 παντὸς
971 3106 1139 3195 τριγώνου

126 3216 164 3278 αι’
183 3226 272 3297 τρεῖς
294 3216 415 3297 γωνίαι
438 3211 539 3278 ἀυσλν
563 3208 683 3297 ὀρθαῖς
707 3221 779 3281 ίσαι
802 3216 904 3297 είσίν,
928 3207 1003 3281 οἷον
1025 3240 1137 3299 τετρα-

72 3338 106 3387 υο
125 3318 240 3403 γώνου
253 3317 309 3385 καί
323 3321 392 3385 τῶν
407 3317 480 3404 ἑξῆς
489 3314 648 3386 ἁπάντων
659 3318 912 3406 πολυπλεύρων,
927 3318 989 3407 χρή
1000 3323 1138 3405 εἰδέναι,

125 3422 176 3491 ὅτι
200 3428 266 3490 πᾶν
290 3427 400 3509 σχῆμα
423 3421 667 3512 εὐθύγραμμον
691 3429 738 3505 είς
761 3431 928 3513 τρίγωνον
946 3423 1137 3496 ἀναλύεται.

199 3642 255 3690 112.
276 3635 316 3688 V·
327 3638 390 3704 (sq).

194 3838 235 3886 19.
254 3832 332 3887 Fort.
354 3826 394 3887 δι’
410 3829 628 3905 ἐκβεβλημένην.
687 3838 731 3887 24.
749 3832 817 3888 Ροελ
834 3830 906 3887 ιίαίν
925 3832 1013 3888 uerba
1026 3832 1138 3904 aliquot

103 3900 290 3973 εινιὶίετυιιίς
310 3904 361 3962 cfr.
376 3904 497 3964 Procluu
516 3924 544 3980 p.
560 3908 624 3971 381,
636 3908 755 3961 23-25.
