2414 4236
206 467 363 518 SOHOLIA
381 469 420 519 IN
438 466 713 519 ELEMENTORUM
729 468 869 520 LIBRUM
883 468 916 522 V.
1008 467 1071 533 301

58 603 109 676 τόν
139 604 246 693 ἤγουν
273 603 440 691 δπόλογος
467 604 618 693 άριθμοῦ
641 633 734 687 τινος
762 606 842 695 μετὰ
870 612 929 695 τῆς
951 609 1075 678 ἑαυτοῦ

58 711 248 798 δυνάμεως,
281 708 341 798 ἀφ’
367 704 407 798 ἧς
432 711 709 799 παρωνόμασται,
740 712 803 782 τὸν
825 710 932 782 αὑτοῦ
953 722 1074 783 πολλα·

57 819 203 887 πλάσιον
226 815 395 903 ἀποτελεῖ,
423 815 539 898 ὁσάκις
566 813 611 886 άυ
634 822 751 908 ληφθῇ
774 817 858 906 πρὸς
879 818 918 887 τό
943 822 1074 889 ἐκεῖνον

58 921 268 1011 άποτελέσαι,
286 922 485 1004 τοσαυτάκις
499 925 747 1005 πολλαπλάσιος
760 926 898 1012 λέγεται.
931 920 1006 995 οἰου
1021 926 1075 994 έπὶ

57 1027 303 1117 ὖποδείγματος
330 1028 348 1098 ό
373 1027 437 1099 δύο
459 1034 521 1098 τοῦ
544 1035 578 1100 ss
605 1027 894 1112 ὑποοκταπλάσιος
922 1027 971 1100 ω”ν
994 1030 1074 1102 ὑπο·
1111 1056 1127 1105 ο

59 1140 280 1215 οκταπλάσιος
306 1138 435 1223 λέγεται
463 1135 573 1223 μόνον
601 1133 622 1223 ἢ
647 1134 884 1222 ὀκταπλάσιος,
913 1136 1000 1206 διότι
1024 1139 1076 1218 δὶς

60 1241 141 1330 μετὰ
173 1253 234 1329 τῆς
266 1247 390 1323 οἰκείας
423 1242 597 1329 δυνάμεως
629 1243 932 1331 συμπαραληφθεὶς
967 1242 1075 1330 ἤγουν

59 1351 128 1417 τῶν
146 1353 179 1435 ἦ,
202 1345 261 1435 ἀφ’
283 1339 323 1435 ἧς
340 1348 630 1429 ὑποοκταπλάσιος
649 1348 847 1436 ὠνομάσθη,
870 1348 931 1418 τὸυ
949 1355 983 1422 ἴς
1001 1347 1074 1418 άπε-

59 1454 181 1524 τέλεσε.
226 1452 386 1534 ὡσαύτως
408 1454 464 1521 καί
488 1451 505 1522 ὁ
531 1459 565 1526 ἴς
594 1457 724 1542 μάλλον
748 1454 924 1536 διπλάσιος
946 1457 1075 1542 λέγεται

60 1562 122 1629 τοῦ
145 1567 167 1646 β
194 1555 215 1646 ἢ
238 1563 300 1628 τοῦ
321 1566 360 1646 ἦ,
388 1559 476 1629 διότι
504 1561 557 1640 δλς
583 1560 645 1629 τόν
674 1560 736 1629 δύο
765 1559 846 1648 μετὰ
872 1567 932 1647 τῆς
954 1562 1076 1632 ἑαυτοῦ
1096 1586 1129 1635 10

61 1664 237 1753 δυνάμεως
260 1665 566 1754 συμπεριλαμβάνει
588 1665 695 1755 ἤγουν
717 1668 799 1754 μετά
820 1671 882 1737 τοῦ
904 1672 936 1754 η.

127 1774 180 1841 49.
217 1778 289 1840 Καί
309 1775 400 1841 έστιυ
423 1769 469 1853 ὥς
491 1770 528 1841 τὸ
553 1779 581 1840 Ζ
608 1772 692 1860 πρὸς
718 1772 756 1843 τό
781 1781 826 1860 Ε,
853 1771 958 1856 οὕτως
986 1773 1024 1844 τό
1047 1783 1077 1844 Θ
1101 1804 1103 1809 ·

59 1875 146 1962 πρὸς
162 1876 200 1946 τό
218 1886 255 1966 Ζ,
275 1891 410 1965 πρῶτον
428 1879 467 1947 τὸ
482 1886 518 1946 Η
534 1881 590 1947 καὶ
610 1879 769 1968 δεύτερον
787 1879 826 1949 τὸ
841 1889 873 1949 Ε
888 1882 945 1949 καὶ
962 1887 1076 1967 τρίτον

59 1980 99 2051 τό
122 1990 151 2051 Θ
174 1984 257 2069 πρὸς
278 1985 438 2069 τέταρτον
460 1982 498 2053 τὸ
523 1990 559 2052 Ζ.

447 2182 502 2246 Ad
525 2202 630 2265 prop.
654 2180 694 2247 V.
1097 2201 1130 2248 ιο

130 2305 183 2373 50.
212 2300 248 2370 Ὁ
270 2294 312 2389 λδ
336 2301 419 2387 πρὸς
438 2301 500 2371 τὸν
519 2307 552 2373 ἴς
571 2301 755 2381 διπλάσιος.
791 2300 851 2371 έδιν
870 2296 934 2371 οὖν
952 2302 1078 2393 άφέλρς

62 2406 121 2495 ἀφ’
143 2409 303 2497 ἑκατέρου
324 2406 364 2476 τά
383 2409 520 2495 τέταρτα
539 2405 647 2493 ἤγουν
666 2403 752 2475 όκτιδ
771 2407 833 2494 μὲν
850 2414 912 2477 τοῦ
930 2400 983 2495 λ’β,
1006 2413 1078 2479 τέσ-

64 2535 151 2602 σαρα
174 2513 212 2582 δὲ
234 2525 297 2582 τοῦ
319 2516 450 2599 δεκαέξ,
476 2511 783 2600 καταλιμπάνονται
805 2517 848 2581 ιἰδ
870 2515 926 2582 καί
949 2507 1000 2602 ι’β,
1022 2517 1076 2584 καί

64 2619 202 2701 σάζεται
216 2611 319 2699 αὖθις
333 2617 351 2687 ὁ
367 2623 429 2687 τοῦ
443 2624 623 2687 διπλασίου
636 2616 738 2704 λόγος
752 2617 835 2688 κατὰ
852 2617 890 2689 τό
904 2620 1078 2708 πρότερον.

132 2730 185 2794 51.
226 2728 334 2794 Τοῦτο
359 2727 446 2811 λέγει
469 2723 489 2813 ἡ
513 2724 688 2813 πρότασις,
712 2721 775 2809 ὅτι,
800 2724 859 2793 ἐάν
882 2752 913 2794 τι
936 2729 1080 2814 μέγεθος
1097 2743 1131 2793 20

65 2833 174 2910 ἰσάκις
195 2821 217 2918 ᾖ
236 2832 489 2900 πολλαπλάσιον
508 2832 673 2919 μεγέθους
690 2829 794 2916 τινός,
816 2833 873 2898 καλ
889 2829 1079 2920 ἀφαιρεθὲν

66 2935 312 3023 ἀφαιρεθέντος
344 2938 452 3019 ἰσάκις
488 2936 752 3007 πολλαπλάσιον·
793 2938 831 3005 τό
868 2937 933 3025 γάρ
958 2939 1079 3021 ,ἰσάκις
1169 2952 1173 2957 ’

64 3044 314 3114 πολλαπλάσιον
337 3043 400 3114 οὐκ
422 3049 470 3125 εἰς
491 3044 532 3113 τά
558 3045 621 3114 δύο
645 3045 772 3131 μεγέθη
801 3042 889 3130 μόνα
912 3059 1079 3131 φανεῖται,

63 3148 149 3218 άλλόι
166 3151 223 3218 καί
242 3155 288 3232 εἰς
308 3150 393 3219 ἄλλα
412 3150 475 3220 δάο
494 3177 534 3219 τα
553 3147 782 3237 ἀφαιρεθέντα
801 3150 838 3217 έκ
850 3153 921 3218 τῶν
937 3151 1080 3238 πρώτων

64 3263 231 3342 μεγεθῶν·
254 3257 295 3325 τόι
319 3256 384 3344 γὰρ
409 3257 471 3327 δύο
491 3259 617 3345 μεγέθη
637 3257 697 3325 ἕνα
715 3255 819 3343 λόγου
837 3260 962 3343 έχουσι,
984 3257 1022 3326 τὸ
1042 3258 1079 3328 δὲ
1098 3274 1133 3326 2⁶

136 3474 179 3524 49.
198 3469 237 3522 Β·
256 3469 304 3538 (αδ
322 3470 418 3525 coroll.
438 3469 574 3538 Theonis,
598 3486 624 3523 u.
644 3467 671 3522 11
688 3486 717 3538 p.
738 3474 770 3523 ιλ
789 3471 848 3525 not.
867 3468 949 3537 erip).
1036 3475 1080 3525 50.

63 3538 103 3592 V⁴
118 3538 164 3609 (f).
238 3546 281 3595 51.
302 3539 444 3609 A(B⁸b⁸).
949 3538 953 3547 '

65 3667 281 3677 -.---

139 3739 180 3789 12.
203 3735 234 3806 Z]
255 3735 337 3790 scrib.
358 3738 394 3789 H.
461 3741 502 3790 13.
522 3734 570 3788 καλ
585 3731 733 3805 δεότερου]
753 3732 834 3788 scrib.
849 3729 922 3802 πρὸς
935 3731 1080 3804 δεύτερον.

102 3810 144 3860 19.
164 3801 295 3878 σώζεται]
314 3806 333 3872 f,
352 3802 468 3869 αὔξεται
487 3805 531 3861 V?
