2414 4236
243 480 400 534 scnom
417 481 457 532 m
473 480 750 533 ELEMENTORUM
767 481 908 533 LIBRUM
920 483 943 535 1.
1053 481 1097 545 '15

81 625 138 691 καὶ
160 620 378 708 θεωρήματα,
405 620 446 688 τά
474 620 536 708 μὲν
558 618 619 701 τὰς
640 622 785 707 γενέσεις
807 624 1003 709 περιέχοντα
1025 628 1094 691 τῶν

82 727 270 816 σχημάτων,
293 726 333 794 τὰ
358 726 396 794 δέ
418 725 458 794 τὰ
480 722 560 794 καθ’
583 725 668 795 αύτὰ
691 728 922 814 συμβεβηκότα
944 728 1094 810 ἑκάστοις

84 831 289 903 δεικνύοντα.
345 838 404 899 καί
433 853 538 919 φασιν
568 835 636 899 πᾶν
667 832 844 919 πρόβλημα
881 836 1093 921 ἐπιδέχεσθαι

84 939 465 1026 τῶνκατηγορουμένων
479 948 539 1024 τῆς
552 940 589 1006 έν
603 936 694 1030 αὐτῷ
708 934 791 1024 ὕλης
802 937 889 1007 ἀύτό
903 965 937 1008 τε
953 942 1094 1009 ἕκαστον

84 1044 194 1114 καὶτὸ
213 1041 457 1130 άντικείμενον.
493 1045 578 1130 λέγω
597 1044 635 1112 δὲ
649 1044 737 1130 ῧλην
755 1043 817 1130 μὲν
831 1043 914 1114 αὐτὸ
929 1045 966 1114 τὸ
985 1049 1093 1135 γένος,
1131 1072 1148 1120 ο

80 1153 154 1238 περὶ
178 1142 222 1219 οὗ
244 1148 265 1237 ἡ
285 1150 427 1236 ζήτησις,
451 1144 528 1218 οἷον
544 1154 712 1238 τρίγωνον
731 1145 751 1236 ἢ
768 1151 991 1239 τετράγωνον,
1015 1153 1094 1240 σύμ

79 1283 197 1345 πτωμα
216 1256 255 1324 δὲ
271 1255 309 1324 τό
323 1253 404 1323 καθ’
420 1253 504 1324 αὑτό
519 1256 738 1343 συμβεβηκός,
758 1265 834 1325 ἴσον
848 1255 969 1326 άνισον
988 1259 1095 1345 τομὴν

79 1365 180 1433 θέσιν
206 1357 229 1450 ἢ
257 1360 340 1430 άλλο
368 1384 400 1429 τι
428 1365 594 1430 τοιοῦτον.
641 1362 724 1430 όταν
754 1363 816 1448 μὲν
845 1357 908 1432 οὖν
937 1370 1095 1454 προτείνῃ

79 1497 132 1550 τις
154 1472 307 1556 ποιῆσαι,
337 1467 514 1555 πρόβλημα
536 1470 677 1555 λέγεται·
716 1466 797 1537 ὅταν
822 1469 860 1538 δέ
882 1468 919 1538 τὸ
944 1470 985 1538 δν
1008 1480 1095 1539 θεω-

83 1579 196 1661 ρῆσαι,
213 1573 386 1661 θεώρημα·
409 1574 466 1641 καὶ
485 1573 572 1653 όλως
589 1573 629 1641 τὰ
649 1575 711 1662 μέν
725 1577 928 1663 θεωρήματα
942 1574 1095 1645 καθόλου
1115 1599 1148 1651 ιο

81 1684 164 1767 έστί,
185 1679 226 1748 τὰ
249 1679 286 1749 δὲ
307 1683 525 1768 προβλήματα
549 1677 611 1747 ούκ
634 1686 712 1748 ἔστι.

146 1790 293 1856 τοσαῦτα
314 1786 371 1853 καὶ
393 1786 469 1874 περὶ
491 1785 630 1856 τούτων.
666 1791 727 1855 τού
751 1787 789 1856 δὲ
807 1787 942 1873 πρώτου
960 1793 1096 1875 βιβλίου

81 1891 99 1963 ὁ
124 1892 249 1973 σκοπός
272 1894 340 1961 ἐστι
362 1892 422 1972 τὰς
444 1889 549 1991 ἆρχὰς
575 1897 787 1981 παραδοῦναι
813 1899 872 1982 τῆς
899 1900 967 1963 τῶν
994 1892 1094 1964 εύθυ

81 1999 244 2087 γράμμων
272 2004 427 2085 θεωρίας.
478 2004 509 2068 εί
535 1997 600 2087 γὰρ
627 2000 683 2067 καὶ
711 2002 811 2086 φύσει
842 2003 1044 2090 τελειότερος
1075 2002 1093 2071 ὁ

81 2105 217 2189 κύκλος,
249 2101 324 2172 ἁλλ’
350 2101 432 2192 ἡμῖν
458 2119 530 2185 τοϊς
562 2103 786 2191 άτελεστέροις
815 2111 945 2193 μάλλον
973 2105 993 2194 ἡ
1017 2108 1093 2197 περὶ
1113 2128 1147 2178 15

79 2210 211 2281 τούτων
226 2209 366 2298 ἁρμόσει
381 2215 523 2296 θεωρία·
546 2225 616 2291 τοῖς
630 2215 806 2296 αἰσθητοῖς
820 2217 925 2281 οἰκεῖα
939 2212 979 2281 τὰ
994 2211 1096 2281 εύθό-

80 2344 227 2405 γραμμα,
249 2329 320 2395 τοῖς
343 2317 381 2386 δὲ
403 2330 538 2404 νοητοῖς
557 2314 575 2385 ὁ
594 2316 727 2401 κύκλος,
749 2317 805 2384 καί
824 2315 890 2386 άπὸ
910 2323 977 2387 τάν
997 2318 1096 2386 εὐθυ-

80 2423 245 2512 γράμμων
267 2421 288 2510 ἡ
312 2426 441 2511 γένεσις
461 2423 545 2492 κατὰ
570 2423 738 2491 Πλάτωνα
761 2436 833 2503 τοῖς
855 2425 987 2510 τέτρασι
1011 2444 1096 2492 στοι-

79 2536 192 2616 χείοις.
211 2533 386 2618 διαιρεῖται
401 2530 439 2598 δὲ
451 2530 490 2597 τὸ
500 2534 634 2616 βιβλίον
644 2533 754 2616 τριχῆ·
768 2529 806 2598 τὸ
817 2530 879 2618 μὲν
888 2530 952 2618 γὰρ
961 2535 1096 2621 πρῶτον

78 2634 142 2722 τὴν
160 2638 230 2704 τῶν
247 2637 422 2724 τριγώνων
436 2633 587 2720 ἰδιότητα
602 2635 783 2720 ἐμφανίζει,
801 2634 839 2704 τὸ
854 2636 1014 2723 δεύτερον
1026 2641 1094 2705 τῶν
1115 2659 1150 2708 20

79 2740 450 2830 παραλληλογράμμων,
468 2737 506 2807 τὸ
525 2745 640 2824 τρίτον
658 2739 719 2825 τὴν
737 2750 921 2811 κοινωνίαν
940 2742 1060 2813 αὐτῶν.

149 2848 302 2934 Σημεῖόν
325 2850 394 2916 ἐστι
417 2837 460 2915 οὗ
483 2847 583 2934 μέρος
606 2842 722 2914 οὐθέν.

147 2951 215 3020 άπὸ
238 2957 306 3022 τῶν
330 2952 507 3021 συνθέτων
531 2951 584 3019 ἐπὶ
602 2953 640 3019 τὸ
661 2948 890 3038 ἁπλούστερον
909 2950 1095 3040 άναδεδρά-

79 3085 197 3146 μηκεν,
219 3056 286 3128 άπὸ
309 3058 370 3145 μὲν
394 3061 456 3126 τοῦ
474 3060 569 3144 τριχῆ
589 3060 769 3124 διαστατοῦ
789 3059 841 3124 ἐπὶ
860 3056 897 3125 τό
918 3062 1006 3145 διχῆ,
1029 3057 1095 3127 άπὸ

80 3165 119 3234 δὲ
141 3164 266 3234 τούτου
288 3166 342 3234 ἐπὶ
364 3163 402 3232 τὸ
427 3160 480 3250 ἐφ’
497 3164 546 3249 ἕν,
568 3159 628 3247 ἀφ’
646 3154 688 3230 οὗ
712 3167 759 3241 είς
781 3163 818 3230 τὸ
843 3161 951 3248 πάσης
974 3166 1094 3251 διαιρέ-
1113 3186 1149 3237 25

79 3291 167 3352 σεως
178 3275 374 3359 καθαρεῦον
391 3267 596 3355 ἀναδραμὼν
610 3267 672 3355 τὴν
687 3265 794 3354 ἀρχὴν
808 3281 963 3336 ποιεῖται·
983 3267 1095 3355 ἐπειδὴ

80 3378 119 3447 δέ
131 3376 172 3446 τὰ
187 3380 313 3464 πέρατα
325 3379 430 3445 ταῦτα
443 3378 613 3460 πολλαχοῦ
628 3373 684 3442 διὰ
698 3373 760 3459 τὴν
774 3371 942 3460 ἁπλότητα
956 3379 1015 3460 τῆς
1028 3379 1095 3443 τῶν

80 3485 258 3553 συνθέτων
272 3479 485 3560 ὑποστάσεως
500 3485 594 3549 δοκεῖ
608 3479 786 3567 τιμιάτερα
805 3476 902 3566 εἶναι,
925 3486 1096 3568 πολλαχοῦ

81 3590 120 3660 δὲ
143 3589 392 3679 συμβεβηκόσιν
415 3593 565 3673 ἕ[οι]κεν,
589 3589 674 3673 λέγω
698 3585 770 3673 μὲν,
795 3585 846 3655 ὅτι
868 3585 909 3653 τὰ
933 3589 1018 3656 ἁυλα
1041 3589 1097 3656 καὶ

156 3758 179 3808 1.
203 3750 390 3821 περιέχοντα]
409 3748 466 3816 bis,
486 3748 533 3802 εοδ
553 3764 623 3803 corr.
707 3751 748 3800 12.
767 3745 823 3817 Mg.
843 3748 893 3801 τοῦ
913 3750 932 3801 ἁ
952 3719 1060 3820 βιβλίου
1080 3742 1095 3802 ὁ

82 3820 198 3886 σκοπός.
275 3827 317 3878 19.
336 3820 393 3892 Mg.
414 3813 458 3874 ότι
477 3819 555 3890 τριχῆ
575 3821 729 3889 διαιρεῖται
747 3815 779 3877 τὸ
799 3820 818 3876 ἁ
840 3820 960 3897 βιβλίον.
