2414 4236
229 431 387 484 sellom
405 432 444 482 IN
462 429 738 481 ELEMENTORUM
756 429 895 480 LIBRUM
908 430 940 482 V.
1027 426 1092 491 289

69 568 216 659 ἄλληλα,
235 574 267 640 εί
275 571 340 638 »καὶ
355 568 513 657 άρρητον,
533 568 621 637 διότι
635 572 674 637 αί
685 562 846 655 δυνάμεις
859 566 971 652 αὐτῶν
989 570 1093 654 λόγον

68 682 191 767 έχουσι
213 675 328 766 ῥητόν.
375 667 474 757 οὗτος
502 675 539 744 δὲ
567 673 586 743 ό
613 673 753 762 ὁρισμὸς
780 676 1002 762 συλληπτικός
1025 676 1094 744 ἐστι

69 784 131 853 καὶ
153 786 226 853 τόν
249 785 449 871 συμμέτρων
471 782 527 851 καί
548 786 619 852 τῶν
642 780 871 870 ἀσυμμέτρων.

142 892 197 959 23.
210 885 253 957 “A
267 889 408 958 δύναται
423 888 788 977 πολλαπλασιαζόμενα]
805 882 881 957 οἷον
895 887 934 956 τὰ
949 886 1093 976 ὁμογενῆ

39 1074 42 1081 ,
68 997 131 1067 καὶ
153 992 307 1084 ὁμοειδῆ,
331 990 406 1065 οἷον
429 993 549 1064 εὐθεῖα
572 993 634 1081 μὲν
656 991 740 1080 πρὸς
762 991 912 1080 εὐθεῖαν,
936 997 1093 1063 ἐπίπεδον
1130 1010 1147 1060 σ

70 1103 257 1189 ἐπιφάνεια
279 1099 361 1188 πρὸς
385 1101 585 1189 ἐπιφάνειαν
608 1101 664 1169 καὶ
685 1113 813 1189 σφαῖρα
834 1099 919 1186 πρὸς
937 1113 1094 1187 σφαῖραν.

142 1212 198 1279 24.
231 1207 335 1278 Ὅταν
362 1199 425 1277 οἷσι
452 1205 493 1277 τά
520 1209 646 1295 μεγέθη
673 1207 729 1275 καὶ
752 1207 850 1294 μήκει
872 1207 928 1274 καὶ
952 1205 1095 1293 δυνάμει

73 1315 261 1404 σύμμετρα,
284 1320 355 1384 ἔστι
377 1315 429 1383 τό·
457 1313 557 1402 λόγος
580 1315 649 1383 ἐστὶ
668 1313 731 1382 δόο
755 1316 925 1400 μεγεθῶν,
956 1310 1038 1381 όταν
1058 1311 1096 1382 δδ

71 1419 175 1511 μήκει
198 1419 261 1508 μὲν
284 1419 347 1489 οόκ
371 1414 433 1490 άσι
457 1420 650 1508 σύμμετροι,
674 1417 816 1506 δυνάμει
840 1419 889 1506 δέ,
913 1417 957 1500 οὸς
980 1416 1001 1505 ἡ
1023 1418 1095 1486 διά-

73 1552 198 1617 μετρος
218 1531 259 1615 τῇ
282 1531 422 1616 πλευρᾷ,
444 1527 520 1596 τότε
542 1525 594 1596 τό·
624 1526 728 1614 λόγον
752 1530 840 1612 ἔχειν
862 1523 945 1611 πρὸς
967 1524 1095 1611 άλληλα
1115 1543 1148 1591 10

74 1629 252 1723 ἁρμόδιον.

488 1794 545 1859 Ad
568 1793 637 1860 def.
661 1794 691 1860 5.

146 1918 199 1985 25.
232 1917 289 1984 Ἐν
311 1918 357 2008 τῷ
376 1915 466 2008 αὐτῷ
485 1915 573 2002 λόγῳ
594 1916 720 2001 μεγέθη
739 1917 869 2001 λε’γεται
887 1914 987 2001 εἶναι]
1012 1913 1096 2000 ὑπὲρ

75 2027 140 2093 τοῦ
163 2027 420 2110 σαφηνίσασθαι
447 2019 507 2090 τὸν
536 2018 619 2107 όρον
643 2024 804 2090 ἐκκείσθω
834 2022 999 2109 πρότερον
1024 2024 1098 2109 ἑξῆς

76 2131 223 2216 τέσσαρα
243 2129 381 2216 μεγέθη,
400 2127 455 2194 καὶ
473 2126 553 2213 παρ’
571 2125 726 2213 ἑκάτερον
745 2129 847 2213 μέρος
865 2124 979 2209 αὐτοῖς
992 2153 1096 2214 παρα·
1117 2147 1149 2196 15

76 2236 230 2305 τνθέσθω
258 2236 299 2303 τά
329 2232 437 2313 ίσάκις
466 2232 698 2301 πολλαπλάσια
731 2231 844 2300 αὐτόν
875 2234 1097 2321 καταλλήλας,

77 2343 135 2410 καὶ
158 2345 243 2410 ἔστω
261 2344 397 2427 πρῶτον
416 2339 477 2426 μὲν
495 2338 533 2408 τὸ
552 2367 574 2407 α
592 2341 746 2427 μέγεθος,
771 2338 931 2425 δεύτερον
951 2340 989 2408 δὲ
1006 2338 1044 2409 τὸ
1063 2346 1096 2425 β,

78 2452 193 2534 τρίτον
217 2445 256 2516 δὲ
279 2445 317 2515 τὸ
336 2474 367 2533 γ,
390 2447 548 2533 τέταρτον
572 2445 610 2514 δὲ
626 2445 665 2513 τὸ
686 2449 715 2513 δ.
750 2445 806 2512 καὶ
825 2442 862 2513 τὸ
881 2443 944 2532 μὲν
961 2449 1097 2531 πρῶτον

78 2553 135 2622 καί
158 2558 273 2640 τρίτον
294 2559 487 2620 κείσθωσαν
510 2548 668 2639 ἀριθμῶν
688 2549 753 2621 άνόι
771 2563 804 2639 η’,
826 2549 864 2621 τὸ
883 2551 922 2620 δὲ
938 2551 1097 2639 δεύτερον

80 2661 135 2728 καὶ
159 2660 317 2745 τέταρτον
340 2657 405 2726 άνόι
425 2663 456 2744 ξ,
479 2658 535 2725 καί
555 2656 709 2745 εἰλήφθω
727 2662 790 2727 τοῦ
808 2657 871 2746 μέν
887 2659 1024 2746 πρώτου
1041 2659 1097 2727 καὶ
1116 2677 1152 2727 20

80 2770 198 2849 τρίτον
216 2764 326 2846 ἰσάκις
339 2764 572 2833 πολλαπλάσια
585 2762 671 2833 άλλα
685 2768 813 2847 ἔξωθεν
832 2767 959 2853 μεγέθη
978 2765 1016 2833 τό
1033 2791 1068 2833 τε
1082 2791 1099 2833 ε

84 2865 242 2953 ἀριθμῶν
272 2866 312 2939 ὂν
335 2876 369 2942 ss
399 2872 454 2939 καὶ
481 2870 519 2938 τὸ
545 2877 561 2953 ζ
592 2868 714 2959 ὁμοίως
746 2872 802 2939 καὶ
829 2869 912 2939 αὐτὸ
940 2869 1098 2958 άριθμων

84 2967 127 3041 όν
147 2975 193 3046 ῖξ·
215 2975 269 3042 καὶ
287 2979 387 3045 πάλιν
406 2980 467 3044 τοῦ
486 2982 507 3062 β
530 2977 586 3044 καὶ
609 2980 670 3045 τοῦ
690 2976 850 3063 τετάρτου
870 2979 996 3058 ἔξωθεν
1015 2975 1098 3045 ἄλλα

153 3211 196 3260 νο.
216 3204 256 3260 v·
265 3207 307 3276 (1).
381 3213 422 3260 ιι.
443 3207 481 3276 ρ’.
554 3214 597 3264 ει.
616 3205 656 3259 v·
666 3206 706 3277 (1).

153 3424 178 3471 ὁ.
199 3415 350 3489 ἐπίπεδον]
370 3422 538 3489 corruptum.

149 3489 193 3542 Ad
212 3490 268 3544 def.
285 3490 408 3558 spuriam
428 3485 567 3559 άναλογία
586 3488 618 3545 δι’
638 3485 714 3545 ἔστιν
734 3485 752 3556 ή
772 3489 829 3544 τόν
851 3493 904 3545 cet.
925 3489 984 3560 (cfr.
1000 3490 1026 3544 ΙΙ
1039 3496 1098 3559 μλ

81 3562 139 3614 not.
160 3558 233 3647 crit)
251 3560 306 3615 hoc
326 3560 413 3615 schol.
432 3561 519 3616 habet
537 3560 575 3615 A:
604 3556 636 3615 τὸ
655 3559 688 3615 δὲ
707 3557 773 3616 άντὶ
789 3561 841 3615 τοῦ
860 3558 927 3630 γάρ·
951 3559 1000 3616 καί
1019 3562 1105 3616 δοκεῖ

82 3627 159 3717 ἔηειν
178 3648 249 3700 προς
266 3627 299 3685 τὸ
318 3627 372 3700 πρὸ
393 3628 481 3686 αότοῦ
500 3628 551 3700 τὴν
570 3626 738 3701 άναφοράν·
758 3627 856 3686 ἐκεῖνα
870 3630 923 3700 γὰρ
938 3627 973 3686 τά
988 3631 1098 3701 μεγέθη

82 3720 135 3755 ουκ
154 3695 292 3770 άνάλογα,
312 3704 391 3770 εἴπερ
410 3701 441 3757 τό
462 3723 481 3756 α
499 3698 569 3772 πρὸς
586 3698 618 3757 τό
639 3704 656 3776 β
674 3703 790 3773 μείζονα
810 3699 893 3773 λόγον
913 3699 1002 3772 εἶχεν,
1025 3699 1100 3774 ἥπερ

81 3767 113 3826 τό
133 3792 149 3841 γ
168 3767 240 3840 πρὸς
259 3769 290 3826 τό
309 3774 339 3826 δ’
359 3768 378 3842 ἡ
397 3768 451 3843 γάρ
471 3773 527 3828 τῶν
546 3768 637 3844 λόγων
655 3770 787 3844 ὁμοιότης
806 3769 881 3829 έστλν
900 3768 1048 3844 άναλογία.

47 3890 53 3906 .
129 3869 279 3919 Eucliden,
297 3870 346 3911 edd.
361 3871 466 3924 Ηείὸοτμ
479 3876 503 3915 ελ
518 3873 608 3929 Mense.
631 3875 662 3919 V.
910 3867 948 3919 Ἢ
