2424 4320
121 448 186 513 726
374 444 558 497 mum
576 439 814 494 εοΗοιιοοοΜ
834 439 882 492 w.

120 589 281 678 ἀριθμῶν
309 588 464 664 ἐπίπεδος
491 580 637 672 ἀριθμὸς
664 588 736 660 ἴσος
764 579 835 648 ἐστὶ
863 593 933 658 τοῖς
961 582 997 645 ἐκ
1019 603 1055 646 τε
1078 581 1140 646 τοῦ

122 695 318 777 ἀδιαιρέτου
344 692 400 760 καὶ
427 689 570 759 ἑκάστου
596 691 665 757 τῶν
689 689 801 774 μερῶν
823 689 885 754 τοῦ
910 686 1142 772 διαιρεθέντος

121 802 316 888 γινομένοις
338 798 516 877 ἐπιπέδοις.

191 911 341 973 ἔστωσαν
365 902 428 971 δύο
452 899 592 990 άριθμολ
614 902 649 969 ολ
665 905 719 985 αβ,
733 925 765 984 y,
789 899 845 965 καὶ
865 897 1043 986 διῃρήσθω
1063 895 1081 965 5
1099 903 1142 983 αβ

88 1014 172 1091 εελς
195 1008 475 1096 δσουσδηποτοῦν
499 1005 666 1096 ἀριθμοὺς
697 1003 777 1085 τοὺς
804 1006 859 1090 αδ,
879 1008 927 1089 δε,
947 1010 993 1090 εβ.
1043 1004 1142 1090 λέγω,

125 1114 177 1184 ὅτι
201 1113 219 1184 5
244 1119 280 1185 ἐκ
302 1120 371 1184 τῶν
393 1142 424 1202 γ,
441 1119 484 1199 αβ
508 1114 661 1192 ἐπίπεδος
723 1145 1134 1183 1———1——1-—1

126 1229 199 1301 λσος
222 1221 291 1290 ἐστὶ
313 1234 384 1302 τοῖς
407 1223 442 1290 ἐκ
465 1222 533 1287 τῶν
555 1246 589 1305 γ,
606 1222 660 1304 αδ,
714 1202 734 1236 α
864 1182 882 1235 ⁶
998 1199 1011 1235 ε
1128 1184 1145 1255 β

124 1355 157 1414 y,
177 1331 225 1412 δε,
244 1354 275 1413 γ,
294 1331 333 1412 εβ
356 1326 531 1405 ἐπιπέδοις.
901 1309 919 1357 ⁷

193 1438 275 1501 ἔστω
298 1431 364 1520 γὰρ
389 1436 425 1501 ἐκ
447 1431 509 1520 μὲν
531 1434 600 1500 τῶν
622 1457 654 1518 γ,
675 1435 718 1517 αβ
747 1427 806 1512 ὁζ
832 1434 867 1497 ἐκ
894 1455 930 1497 τε
955 1439 1024 1498 τῶν
1048 1457 1079 1516 ν,
1099 1434 1143 1497 αδ

73 1565 106 1616 ιο
126 1538 144 1608 ὁ
167 1548 231 1626 ηδ,
259 1541 295 1608 ἐκ
319 1539 357 1607 δὲ
379 1549 447 1609 τῶν
471 1566 502 1625 ν,
523 1542 560 1607 δε
588 1535 606 1607 5
630 1546 686 1624 θι,
714 1540 750 1606 ἐκ
779 1536 816 1606 δὲ
842 1539 912 1605 τῶν
938 1564 971 1623 γ,
992 1542 1030 1623 εβ
1059 1533 1144 1605 ὁικ.

124 1645 181 1712 καὶ
209 1645 279 1712 ἐπεὶ
306 1641 324 1713 5
349 1651 393 1732 αβ
420 1644 482 1713 τὸν
504 1673 526 1732 γ
1131 1683 1146 1746 g

125 1750 420 1830 πολλαπλασιάσας
438 1751 526 1819 ἐποί-
589 1802 1134 1840 ,,.,,.,.,.-..,,..-.,

125 1875 186 1942 ησε
212 1853 273 1923 τὸν
302 1861 332 1942 ζ,
365 1855 384 1924 5
411 1856 477 1946 ἄρα
504 1885 526 1944 γ
580 1858 599 1907 ’¹
767 1843 791 1894 θ
952 1860 963 1893 ²
1125 1861 1142 1894 κ

126 1974 239 2049 μετρεῖ
254 1963 313 2030 τὸν
329 1968 346 2043 ζ
361 1961 445 2030 κατὰ
462 1960 522 2044 τὰς
540 1965 577 2032 ἐν
600 1966 646 2053 τῷ
661 1967 705 2049 αβ
723 1961 884 2049 μονάδας.
922 1961 979 2031 διὰ
999 1961 1040 2031 τά
1058 1961 1141 2032 αὐτὰ

75 2093 109 2142 15
128 2068 170 2155 δὴ
197 2069 253 2135 καὶ
280 2067 340 2135 τὸν
363 2077 412 2154 ηθ
439 2083 555 2157 μετρεῖ
578 2069 661 2139 κατὰ
689 2069 748 2151 τὰς
778 2072 814 2139 ἐν
842 2074 887 2163 τῷ
911 2072 955 2137 αδ
982 2072 1144 2156 μονάδας,

125 2174 186 2242 τὸν
210 2173 247 2242 δὲ
267 2184 309 2242 θε
332 2175 415 2244 κατὰ
438 2177 499 2256 τὰς
523 2178 559 2245 ἐν
582 2181 628 2268 τῷ
649 2181 697 2263 δε,
719 2176 780 2246 τὸν
804 2176 841 2245 δέ
861 2205 893 2245 ικ
916 2176 1000 2245 κατὰ
1022 2175 1081 2257 τὰς
1107 2178 1144 2245 ἐν

126 2286 172 2372 τῷ
196 2286 234 2366 εβ
262 2280 420 2367 μονάδας.
471 2283 553 2352 ὅλον
581 2282 647 2372 άρα
675 2282 737 2351 τὸν
760 2310 802 2370 ηκ
829 2297 943 2371 μετρεῖ
970 2283 988 2351 5
1012 2310 1033 2369 γ
1059 2280 1142 2349 κατά

126 2387 185 2467 τάς
209 2389 245 2456 ἐν
267 2393 313 2479 τῷ
333 2395 377 2475 αβ
400 2391 557 2475 μονάδας.
594 2391 720 2478 ἐμέτρει
741 2389 778 2457 δὲ
796 2391 852 2457 καὶ
866 2389 958 2470 τὸνζ
978 2387 1061 2456 κατὰ
1080 2388 1140 2466 τὰς

127 2496 164 2561 ἐν
191 2498 236 2584 τῷ
261 2500 304 2580 αβ
333 2495 492 2582 μονάδας.
544 2495 698 2582 ἑκάτερος
729 2494 797 2582 άρα
828 2507 896 2566 τῶν
920 2504 945 2582 ζ,
964 2522 1005 2583 ηκ
1033 2493 1144 2573 ἰσάκις

74 2625 108 2675 20
128 2600 197 2668 ἐστὶ
226 2601 473 2681 πολλαπλάσιος
504 2614 566 2670 τοῦ
588 2630 618 2688 γ.
670 2605 705 2671 ολ
735 2602 772 2670 δέ
802 2607 864 2671 τοῦ
897 2602 1001 2671 αὐτοῦ
1032 2599 1145 2680 ἰσάκις

127 2707 370 2774 πολλαπλάσιοι
394 2715 460 2774 ἴσοι
485 2705 643 2794 ἀλλήλοις
666 2712 760 2776 εἰσίν.
799 2717 870 2786 ἴσος
893 2705 959 2793 ἄρα
982 2705 1073 2774 ἐστὶν
1094 2703 1145 2786 ὁζ

126 2817 172 2904 τῷ
195 2840 246 2898 ηκ.
292 2819 351 2880 καί
372 2815 461 2881 ἐστιν
485 2811 503 2881 5
528 2813 589 2900 μὲν
614 2820 630 2895 ζ
656 2811 674 2882 5
704 2817 830 2882 ἐκτῶν
854 2819 949 2901 ν,αβ
977 2815 1145 2895 ἐπίπεδος,

128 2918 146 2986 ὁ
176 2916 208 2985 δ’
234 2947 275 3005 ηκ
304 2917 321 2988 5
346 2927 561 3007 συγκείμενος
584 2924 620 2987 ἐκ
642 2946 677 2988 τε
699 2931 761 2988 τοῦ
786 2947 807 3006 γ
829 2921 885 2989 καὶ
909 2919 1052 2987 ἑκάστου
1074 2923 1145 2986 τῶν

127 3029 182 3110 αδ,
202 3030 251 3111 δε,
271 3031 308 3111 εβ
337 3026 511 3096 ἐπιπέδων.
560 3023 578 3094 5
611 3025 676 3111 άρα
709 3029 745 3094 ἐκ
773 3030 842 3095 τῶν
866 3054 897 3113 μ,
917 3031 961 3112 αβ
989 3028 1146 3104 ἐπίπεδος

74 3153 108 3202 25
128 3137 200 3209 ἴσος
224 3133 293 3198 ἐστὶ
315 3146 386 3212 τοῖς
409 3139 445 3200 ἐκ
467 3159 502 3201 τε
519 3142 581 3200 τοῦ
599 3159 620 3218 ν
641 3132 697 3199 καὶ
722 3132 864 3200 ἑκάστου
882 3134 950 3199 τῶν
972 3135 1027 3216 αδ,
1043 3136 1092 3216 δε,
1108 3136 1146 3215 εβ

128 3237 309 3316 ἐπιπέδοις·

195 3343 256 3410 ἐὰν
284 3342 350 3428 ἄρα
378 3343 441 3412 δύο
469 3343 629 3431 άριθμῶν
657 3342 767 3412 ὄντων
796 3347 954 3433 διαιρεθῇ
985 3341 1003 3413 5
1035 3345 1147 3428 ἕτερος

128 3444 241 3516 αὐτῶν
259 3453 306 3527 εἰς
326 3447 603 3537 ὁσουοδηποτοῦν
622 3447 802 3539 ἀριθμούς,
822 3449 840 3520 5
856 3453 892 3519 ἐκ
906 3455 976 3520 τῶν
992 3453 1026 3533 ἐξ
1040 3449 1147 3538 ἀρχῆς

197 3648 223 3696 4.
243 3640 287 3714 ολ]
307 3639 334 3712 ἡ.
412 3644 445 3698 ln
463 3646 750 3701 demonstrationibus
769 3645 836 3700 add.
855 3646 912 3700 suis
930 3645 1001 3700 locis
1021 3642 1145 3711 ἐκδεσις,

122 3710 278 3839 ἒιορρσμάς,
297 3713 469 3787 κατασκευή,
488 3711 645 3788 ἀπόδειξις,
664 3715 861 3788 συμπέρασμα,
883 3715 913 3771 in
931 3716 998 3787 figg.
1013 3733 1145 3772 numeros

142 3796 174 3838 ΓΒ
195 3827 201 3840 .
