2414 4236
121 475 163 540 52
491 472 694 568 Hom
712 468 760 529 ιε’.

120 616 183 704 τήν
220 615 322 703 βάσιν
360 614 492 707 καθέτῳ
529 611 677 704 ἀγομένη
713 612 921 701 περιφέρειαι
956 625 1136 700 γραφεῖσαι

120 724 331 810 τεμνέτωσαν
359 719 518 808 ἀλλήλας·
553 722 610 789 καὶ
638 722 676 788 αί
702 717 770 789 ἀπὸ
796 729 856 807 τῆς
881 723 987 807 τομῆς
1013 718 1067 789 έπὶ
1093 716 1134 787 τά

120 832 242 917 κέντρα
265 827 537 916 ἐπιζευγνύμεναι
560 823 692 896 εύθείαι
713 826 909 914 ’περιέξουσι
935 822 998 913 τήν
1025 830 1136 893 κλίσιν

122 941 191 1005 τῶν
214 933 438 1022 περιεχόντων
461 931 524 1021 τήν
543 936 714 1020 πυραμίδα
733 934 908 1001 έπιπέδων.
944 930 999 1001 ἐπὶ
1018 930 1057 1000 δὲ
1074 933 1137 999 τοῦ

87 1068 104 1117 5
123 1041 306 1129 ὀκταέδρου
319 1038 385 1109 ἀπὸ
399 1043 459 1128 τῆς
473 1043 619 1127 πλευρᾶς
632 1042 694 1107 τοῦ
704 1036 874 1125 τριγώνου
882 1033 1138 1125 ἀναγραφέντος
1153 1036 1156 1045 '

122 1147 334 1235 τετραγώνου
356 1149 507 1234 κέντροις
529 1159 600 1225 τοῖς
622 1146 742 1233 πέρασι
763 1154 823 1232 τῆς
846 1148 1041 1230 διαγωνίου,
1065 1148 1137 1212 δια-

123 1255 261 1342 στήματι
285 1252 323 1322 δέ
346 1251 471 1340 ὁμοίως
493 1255 533 1341 τῆ
556 1255 619 1320 τοῦ
640 1249 810 1339 τριγώνου
831 1251 963 1342 καθέτῳ
991 1248 1137 1337 γεγράφ-

123 1372 243 1429 θωσαν
256 1360 476 1447 περιφέρειαι·
498 1357 555 1426 καί
574 1357 676 1426 πάλιν
694 1358 733 1425 αέ
747 1353 814 1425 ἀπὸ
831 1359 892 1444 τῆς
903 1359 1022 1443 κοινῆς
1034 1359 1138 1443 τομῆς

123 1468 176 1535 ἐπὶ
198 1463 239 1533 τά
261 1467 382 1552 κέντρα
406 1464 678 1551 ἐπιζευγνύμεναι
701 1459 833 1532 εύθείαι
859 1462 1048 1551 περιέξουσι
1074 1461 1138 1550 τήν

72 1600 105 1648 10
124 1577 307 1640 λείπουσαν
330 1575 379 1651 είς
399 1567 459 1651 τάς
481 1568 544 1638 δύο
569 1566 676 1657 ὀρθὰς
699 1572 759 1657 τῆς
786 1569 1043 1657 ἐπιζητουμένης
1069 1574 1139 1637 κλί-

124 1698 215 1758 σεως.
263 1677 315 1745 ἐπὶ
339 1676 377 1746 δὲ
399 1680 461 1744 τοῦ
484 1677 702 1762 εἰκοσαέδρου
724 1671 791 1744 ἀπὸ
816 1678 876 1761 τῆς
903 1678 1051 1763 πλευροῖς
1076 1679 1138 1743 τοῦ

124 1782 292 1868 τριγώνου
315 1781 570 1868 ἀναγραφέντος
590 1780 808 1869 πενταγώνου
825 1780 1012 1869 ἐπεζεύχθω
1031 1778 1052 1868 ῆ
1070 1777 1138 1850 ὑπὸ

126 1889 189 1956 δύο
219 1891 364 1973 πλευρὰς
391 1884 616 1956 ὑποτείνουσα
645 1885 779 1973 εὐθεῖα,
809 1887 866 1955 καὶ
893 1887 1044 1975 κέντροις
1069 1900 1140 1969 τοῖς

125 1996 265 2079 πέρασιν
285 1991 398 2081 αὐτῆς,
422 1992 618 2081 διαστήματι
637 1993 675 2062 δέ
693 1997 733 2083 τῆ
752 1997 814 2061 τοῦ
827 1991 996 2081 τριγώνου
1007 1995 1139 2085 καθέτῳ

75 2128 109 2176 15
128 2104 320 2188 γραφεισῶν
343 2104 565 2187 περιφερειῶν
594 2103 632 2166 αἱ
652 2097 718 2168 ἀπὸ
741 2110 799 2187 τῆς
822 2104 938 2184 κοινῆς
960 2104 1063 2186 τομῆς
1087 2100 1139 2168 έπὶ

126 2206 166 2274 τά
195 2208 315 2291 κέντρα
343 2208 617 2293 ἐπιζευγνύμεναι
644 2207 832 2290 περιέξουσι
863 2204 926 2292 τήν
958 2211 1140 2274 λείπουσαν

127 2312 250 2400 ὁμοίως
273 2318 320 2394 είς
342 2313 402 2393 τάς
425 2312 487 2381 δύο
513 2310 621 2397 ὀρθάς
643 2322 701 2397 τῆς
723 2319 862 2392 κλίσεως
883 2322 952 2380 τῶν
975 2316 1036 2380 τοῦ
1054 2316 1140 2381 είκο-

128 2421 274 2506 σαέδρου
294 2421 467 2489 ἐπιπέδων.
505 2420 558 2488 ἐπὶ
573 2419 610 2487 δέ
624 2429 685 2487 τοῦ
700 2419 935 2505 δωδεκαέδρου
949 2420 1140 2499 ἐκτεθέντος

127 2526 204 2605 ἑνὸς
230 2525 448 2611 πενταγώνου
476 2527 723 2611 ἐπιζευχθείσης
751 2521 874 2610 ὁμοίως
900 2527 959 2610 τῆς
981 2522 1046 2592 ὑπὸ
1076 2523 1139 2593 δύο

74 2658 109 2705 ‘20
127 2629 271 2716 πλευρὰς
298 2628 542 2717 ὑποτεινούσης
568 2628 704 2710 εὐθείας
729 2632 880 2718 κέντροις
906 2644 977 2710 τοῖς
999 2632 1139 2716 πέρασιν

127 2735 244 2821 αὐτῆς,
278 2735 475 2822 διαστήματι
509 2737 546 2805 δέ
577 2741 617 2825 τῆ
650 2733 796 2825 ἀγομένη
826 2739 957 2828 καθέτῳ
988 2736 1054 2806 ἀπὸ
1082 2742 1141 2824 τῆς

128 2847 320 2927 διχοτομίας
343 2839 446 2928 αὐτῆς
469 2842 522 2909 ἐπὶ
545 2841 607 2929 τήν
635 2842 850 2930 παράλληλον
879 2841 965 2931 αὐτῇ
993 2843 1140 2926 πλευρὰν

128 2952 189 3016 τοῦ
203 2947 421 3035 πενταγώνου
434 2948 685 3035 γεγράφθωσαν
704 2951 923 3036 περιφέρειαι·
946 2948 1001 3015 καὶ
1021 2951 1058 3015 αί
1075 2947 1140 3017 ἀπὸ

127 3058 188 3122 τοῦ
213 3061 369 3141 σημείου,
396 3051 475 3123 καθ’
502 3050 521 3122 δ
550 3057 801 3141 συμβάλλουσιν
824 3048 997 3141 ἀλλήλαις,
1026 3056 1078 3122 ἐπὶ
1101 3054 1141 3122 τά

75 3186 110 3234 κο
128 3164 248 3248 κέντρα
286 3160 559 3248 ἐπιζευγνύμεναι
596 3159 719 3247 ὁμοίως
755 3163 943 3248 περιέξουσι
980 3163 1041 3248 τήν
1078 3167 1140 3228 λεί-

128 3290 259 3336 πουσαν
282 3272 330 3347 είς
351 3265 411 3345 τάς
434 3266 498 3335 δύο
521 3265 629 3352 ὀρθὰς
652 3271 711 3354 τῆς
733 3273 871 3347 κλίσεως
888 3276 956 3336 τών
976 3268 1141 3336 ἐπιπέδων

128 3378 189 3440 τοῦ
214 3375 456 3458 δωδεκαέδρου.

196 3478 284 3548 οὕτω
307 3479 370 3567 μέν
393 3473 494 3548 οὖνὸ
519 3481 692 3566 είρημένος
715 3478 947 3561 εὐκλεέστατος
969 3477 1057 3565 ἀνήρ
1081 3477 1141 3547 τὸν

203 3751 226 3798 l.
246 3739 373 3817 ἀγομένη
391 3744 506 3817 καθέτῳ
525 3744 605 3804 PBv.
687 3744 885 3815 περιφέρεικαι
904 3746 934 3799 Ρ.
1016 3752 1041 3800 3.
1064 3764 1141 3813 περι-

131 3814 243 3881 έξουσιν
262 3815 294 3882 Β,
313 3816 474 3887 περιέχουσι
493 3837 519 3872 v.
605 3818 703 3886 κλῆσιν
721 3816 751 3873 P.
842 3822 867 3872 δ.
890 3812 948 3870 ἀπὸ
968 3816 1029 3888 τῆς]
1050 3818 1092 3871 bis
1111 3817 1141 3871 Ρ.

53 3946 97 3996 Ι
