2424 4320
123 469 189 534 652
259 471 417 524 scfloLIA
434 474 474 524 m
491 468 766 522 mmmm
783 467 999 523 mmmm

123 617 251 698 γίνεται
279 609 301 697 ἡ
325 618 392 679 ΚΒ
420 612 502 699 μέση
532 607 716 696 ἀνάλογον,
750 606 794 688 ὥς
820 607 842 695 ἡ
867 615 934 677 ΛΒ
966 607 1054 695 πρὸς
1078 607 1140 696 τὴν

123 723 202 802 ΒΚ,
226 714 333 796 οὕτως
355 715 461 802 ἡΒΚ
481 713 564 802 πρὸς
581 713 645 800 τὴν
659 720 740 782 ΒΦ·
764 715 824 782 ίαν
844 714 882 782 δὲ
899 727 989 801 τρεῖς
1007 711 1140 784 εὐθεῖαι

123 820 296 909 ἀνάλογον
320 815 397 907 ὦσι,
420 821 458 889 τὸ
482 819 549 890 ὑπὸ
572 825 639 890 τῶν
663 821 776 907 ἄκρων
799 819 1040 908 περιεχόμενον
1064 829 1140 889 ἴσον

123 928 192 996 ἐστὶ
214 932 261 1020 τῷ
285 926 351 995 ἀπὸ
373 931 432 1013 τῆς
454 927 564 1013 μέσης.

88 1060 105 1109 5
191 1038 243 1102 93.
280 1037 403 1125 Πολλῷ
428 1032 494 1120 ἄρα
512 1031 534 1120 ἡ
553 1042 585 1101 A
597 1039 634 1099 Ψ
650 1058 683 1119 p.
696 1036 772 1120 238,
788 1037 846 1119 26]
871 1033 984 1122 ἐπειδὴ
1009 1034 1050 1103 τὰ
1075 1033 1141 1104 ἀπὸ

122 1146 192 1209 τῶν
214 1148 299 1226 ΒΨ,
324 1147 393 1207 ΨΑ
417 1147 474 1207 ἴσα
497 1140 567 1207 ἐστὶ
588 1152 660 1218 τοῖς
683 1137 747 1206 ἀπὸ
771 1143 841 1207 τῶν
864 1146 945 1225 ΑΗ,
963 1146 1048 1226 ΗΛ,
1073 1145 1142 1210 ἔστι

124 1247 161 1314 δὲ
183 1245 221 1315 τὸ
247 1245 311 1314 ἀπὸ
335 1249 394 1332 τῆς
416 1253 498 1331 ΑΗ,
525 1242 570 1325 ὡς
592 1243 656 1331 πρὸ
681 1242 802 1330 ὀλίγου
825 1246 1003 1331 δέδεικται,
1027 1253 1140 1333 μεῖζον

123 1357 184 1420 τοῦ
212 1350 277 1420 ἀπὸ
305 1362 364 1438 τῆς
387 1358 476 1438 ΒΨ,
509 1357 653 1419 λείπεται
679 1349 718 1417 τὸ
747 1347 813 1424 ἀπὸ
841 1355 900 1437 τῆς
922 1360 954 1419 A
965 1358 1005 1417 Ψ
1028 1359 1139 1438 μεῖζον

124 1456 211 1526 εἴναι
237 1462 299 1527 τοῦ
327 1456 392 1525 ἀπὸ
420 1462 478 1544 τῆς
501 1464 580 1524 HA.
626 1464 682 1542 ἴση
712 1455 749 1524 δὲ
771 1454 793 1542 ἡ
817 1464 889 1524 HA
914 1461 956 1545 τῇ
979 1465 1069 1544 ΗΑ,
1097 1486 1141 1540 ως

72 1591 105 1639 10
125 1566 235 1646 δείξω·
263 1570 375 1650 μεῖζον
399 1563 464 1650 ἄρα
486 1563 525 1632 τὸ
548 1561 614 1631 ἀπὸ
638 1573 696 1648 τῆς
715 1571 747 1630 A
758 1569 796 1628 Ψ
813 1567 875 1631 τοῦ
893 1561 960 1633 ἀπὸ
983 1574 1044 1651 τῆς
1063 1571 1140 1635 ΑΗ.

124 1670 208 1739 ὥστε
231 1672 287 1739 καὶ
309 1668 331 1757 ἡ
355 1678 436 1738 ΑΨ
454 1674 574 1757 μείζων
597 1668 666 1736 ἐστὶ
688 1671 747 1753 τῆς
764 1676 849 1737 ΑΗ·
876 1674 908 1737 εί
929 1668 995 1755 γὰρ
1019 1668 1041 1758 ἡ
1072 1678 1141 1739 ΨΑ

124 1781 244 1863 μείζων
266 1780 325 1862 τῆς
350 1783 434 1861 ΛΗ,
463 1774 483 1861 ἡ
508 1775 546 1841 δὲ
569 1780 642 1841 ΛΗ
669 1782 723 1860 ἴση
746 1778 787 1862 τῇ
810 1782 897 1860 ΑΗ,
923 1774 946 1863 ἡ
977 1783 1049 1844 ΨΑ
1076 1775 1141 1863 ἄρα

124 1888 245 1967 μείζων
269 1881 338 1949 ἐστὶ
370 1885 429 1967 τῆς
457 1887 536 1948 ΑΗ.
584 1883 733 1948 δεικτέον
762 1881 820 1967 δή,
853 1880 904 1950 ὅτι
933 1882 955 1968 ἡ
982 1890 1057 1951 ΑΗ
1087 1893 1140 1970 ἴση

125 1988 193 2054 ἐστὶ
216 1991 257 2073 τῇ
280 1993 362 2068 HA,
387 1983 505 2064 οὕτως·
538 1983 651 2070 ἐπειδὴ
675 1985 740 2071 γὰρ
764 1984 785 2072 ἡ
809 1984 875 2055 ὑπὸ
900 1995 1011 2056 ΑΗΛ
1034 1996 1141 2075 γωνία

72 2119 104 2166 15
123 2097 185 2160 τοῦ
200 2099 307 2160 ΑΗΛ
330 2091 499 2178 τριγώνου
518 2089 606 2177 ὀρθή
627 2094 728 2177 ἐστιν,
753 2094 889 2180 ἑκατέρα
907 2091 928 2179 ἡ
947 2092 1015 2163 ὑπὸ
1034 2103 1142 2164 ΗΑΛ

124 2200 180 2265 καὶ
207 2208 320 2268 AAH
349 2199 482 2286 ἡμίσεια
515 2197 623 2286 ὀρθῆς
650 2201 749 2267 ἐστιν.
803 2198 887 2266 ὥστε
915 2208 970 2287 ἴση
1001 2204 1096 2271 ἐστὶν
1122 2231 1140 2288 η

125 2303 190 2371 ὑπὸ
206 2313 315 2374 ΗΑΛ
337 2312 376 2395 τῇ
391 2306 457 2373 ὑπὸ
472 2313 589 2374 AAH.
626 2308 664 2371 αι’
680 2305 718 2372 δὲ
736 2303 794 2383 τὰς
813 2313 887 2384 ἴσας
899 2303 1142 2378 ὑποτείνουσαι

126 2418 195 2476 ἴσαι
219 2408 378 2498 ἀλλήλαις
402 2417 500 2479 είσίν·
530 2413 698 2479 ὑποτείνει
722 2410 759 2478 δὲ
781 2409 844 2497 τὴν
866 2411 927 2498 μὲν
946 2410 1013 2482 ὑπὸ
1033 2421 1142 2482 ΗΑΛ

125 2522 254 2601 γωνίαν
282 2515 303 2603 ἡ
327 2525 412 2599 HA,
445 2519 505 2603 τὴν
534 2517 572 2584 δὲ
599 2514 665 2585 ὑπὸ
689 2523 797 2583 ΗΛΑ
824 2515 845 2602 ἡ
869 2524 952 2585 ΑΗ·
991 2528 1049 2606 ἴση
1078 2520 1143 2606 ἄρα

72 2649 106 2696 20
126 2621 146 2707 ἡ
166 2631 242 2690 ΑΗ
260 2628 300 2710 τῇ
319 2629 397 2690 ΗΛ.
439 2621 459 2709 ἡ
484 2625 521 2691 δὲ
544 2631 616 2690 ΗΛ
639 2622 786 2690 ἐλάττων
809 2624 944 2710 ἐδείχθη
967 2636 1029 2712 τῆς
1053 2634 1142 2694 ΑΨ·

125 2729 180 2795 καὶ
203 2727 223 2813 ἡ
249 2739 280 2795 A
287 2736 325 2796 H
344 2728 409 2815 ἄρα
433 2728 578 2797 ἐλάττων
602 2729 670 2797 ἐστὶ
692 2732 751 2814 τῆς
774 2735 857 2797 ΑΨ.

194 2838 244 2903 94.
273 2834 328 2903 Ἐν
344 2834 458 2915 ἄλλοις
473 2833 692 2920 ἀντιγράφοις
707 2833 768 2901 οὐκ
783 2839 874 2902 ἔστιν
888 2843 969 2920 HA,
985 2836 1074 2906 ἄλλα
1089 2845 1143 2927 τῇ,

126 2939 201 3026 ἤτοι
223 2942 260 3009 τὸ
286 2935 348 3029 ἦτοι
372 2955 537 3029 στοιχεῖον
560 2938 676 3008 καὶτὸ
701 2942 863 3027 ἐπίσημον
886 2945 955 3009 τῶν
978 2950 1080 3029 χίλια.

193 3051 244 3115 95.
283 3053 405 3140 Πολλῷ
425 3047 491 3131 ἄρα
510 3044 578 3132 ἡΑ
589 3053 627 3111 Ψ
640 3049 698 3131 τῆς
715 3054 798 3113 AH·
822 3048 891 3114 ἐπεὶ
906 3051 1009 3116 πλέον
1030 3049 1142 3139 ἀπέχει

72 3176 106 3224 25
125 3152 162 3219 τὸ
189 3161 226 3218 Ψ
246 3168 384 3240 σημεῖον
407 3157 467 3220 τοῦ
487 3157 523 3218 Η
543 3150 625 3238 ἥπερ
649 3150 686 3219 τὸ
709 3161 740 3220 Φ
763 3156 819 3219 διὰ
842 3152 880 3220 τὸ
904 3154 960 3220 καὶ
983 3155 1048 3243 τὴν
1068 3165 1146 3226 ΑΨ

127 3290 330 3300 —.———-—

199 3354 240 3403 93.
263 3345 325 3418 qu
340 3347 423 3418 (1³¹1);
445 3348 578 3417 ineptum.
653 3354 695 3402 οι.
715 3349 734 3402 1.
807 3354 849 3403 οε.
869 3345 933 3419 qu
948 3351 1018 3421 (1²²).

125 3469 338 3478 ——-.—-

161 3603 185 3651 6.
205 3598 273 3667 τῶν]
294 3606 304 3667 η
323 3598 366 3683 lt.)
387 3615 441 3652 om.
460 3596 494 3651 V.
580 3597 779 3721 ΑΗᾶοοοττ.
798 3615 825 3666 q.
914 3595 973 3652 ἔστι
992 3528 1142 3674 HOtHJH

124 3666 156 3721 δέ
176 3668 209 3720 V.
266 3673 291 3720 7.
312 3665 446 3738 ἆποτῆς]
467 3685 617 3736 suprascr.
660 3711 666 3723 .
725 3675 765 3723 14.
787 3665 860 3738 ἐστί]
881 3684 935 3723 om.
951 3668 985 3723 V.
1042 3676 1129 3727 ΑΗΔ

124 3745 270 3793 Aecorr.
289 3738 324 3794 V.
416 3744 457 3792 18.
477 3737 535 3793 εἰσί
549 3738 583 3794 V.
672 3743 756 3792 ΗΑΛ
792 3742 863 3794 EA?
883 3740 915 3794 V.
1008 3747 1052 3797 19.
1073 3747 1129 3798 HA

120 3811 175 3862 ΑΛ
195 3809 251 3880 Vq.
327 3806 398 3884 ἄρα]
416 3805 472 3877 ἄρα
493 3806 567 3863 ἐστίν
587 3808 621 3865 V.
695 3816 738 3867 21.
775 3811 832 3881 στί]
855 3828 908 3865 om.
927 3810 961 3864 V.

197 3531 221 3580 3.
242 3518 303 3597 ὦσι]
324 3544 379 3580 om,
397 3525 431 3578 V.
492 3522 707 3598 περιεχόμενον]
726 3542 781 3582 om.
799 3525 834 3580 V.
898 3533 923 3581 4.
944 3522 1005 3582 ἔστί
