2414 4236
154 498 219 563 176
305 498 463 553 scnom
479 498 520 551 m
535 498 812 551 mmmm
828 498 1004 553 maun

153 638 313 727 ἀλλήλαις
334 641 468 708 ἐδείκνυ
489 636 725 725 παραλλήλους
746 635 851 718 οὔσας
871 640 932 719 τάς
949 632 1100 716 εὐθείας·
1120 628 1169 707 ’τὸ

154 746 192 813 δὲ
209 745 264 832 κη’
284 743 446 832 θεώρημα
467 747 527 824 τὰς
549 736 707 830 λοιπάςβ
728 740 909 825 ὑποθέσεις
931 748 1169 833 προστίθησιν,

154 843 204 919 ἀν
226 851 247 938 ή
272 849 334 937 μὲν
356 854 415 931 τάς
432 856 558 939 γωνίας
575 856 698 939 μερίζει
715 853 798 919 κατὰ
816 852 856 919 τδ
874 848 970 930 ἐντὸς
986 850 1044 918 παὶ
1063 848 1168 936 ἐκτός,

152 954 174 1044 ή
194 957 232 1026 δὲ
249 958 440 1046 ἀμφοτέρας
457 954 552 1037 ἐντὸς
568 953 768 1025 ὑποτίθεται
785 957 843 1025 καί
861 960 1012 1025 δείκνυσι
1024 953 1063 1025 τὸ
1084 955 1167 1024 αιἰτο

118 1065 383 1151 τσυμπίρασμα.
428 1063 485 1131 καί
511 1060 603 1142 ὅπως
628 1062 690 1148 μὲν
718 1065 755 1132 ἐν
777 1066 825 1155 τῷ
847 1060 914 1146 πρὸ
935 1060 1060 1131 τούτου
1082 1071 1169 1131 θεω-

153 1168 275 1254 ρήματι
298 1166 317 1238 ὁ
340 1170 527 1257 γεωμέτρης
548 1166 608 1248 τάς
629 1168 772 1249 ἐναλλὰξ
788 1175 864 1247 ίσας
880 1164 1027 1236 ὑπέθετο
1044 1170 1104 1248 τὰς
1122 1165 1168 1257 μή

153 1275 206 1343 ἐπὶ
238 1273 278 1343 ιά
307 1272 391 1344 αὐτά
419 1276 503 1363 μέρη
531 1273 818 1362 παραλαμβάνων·
858 1276 1010 1342 τοιαῦται
1036 1275 1103 1362 γὰρ
1132 1276 1171 1342 αί

154 1380 309 1462 ἐναλλάξ·
343 1378 434 1461 ὅπως
457 1380 495 1448 δὲ
519 1383 556 1448 ἐν
578 1378 687 1470 τούτῳ
709 1383 773 1468 τήν
796 1381 891 1460 ἐντος
911 1380 968 1447 καί
990 1376 1053 1466 τήν
1075 1380 1170 1461 &aas

155 1494 233 1572 ίσην
255 1486 438 1574 λαμβάνων
461 1487 516 1554 καί
538 1484 598 1566 τάς
620 1488 716 1567 ἐντὸς
742 1486 799 1555 καί
822 1487 875 1555 ἐπί
901 1484 942 1555 τά
971 1481 1057 1555 αάτά
1083 1486 1168 1575 μέρη

103 1617 136 1666 10
155 1596 218 1661 δύο
239 1591 361 1681 ὀρθαῖς
374 1601 449 1672 ίσας
463 1597 647 1679 δείκνυσιν,
666 1589 719 1662 ὅτι
734 1591 798 1661 δύο
813 1588 936 1679 ὀρθαῖς
949 1600 1035 1661 ίσων
1053 1590 1168 1661 οάσῶν

152 1709 222 1767 τῶν
245 1697 340 1780 ἐντὸς
362 1702 496 1785 γωνιῶν
518 1701 556 1766 αί
577 1696 708 1767 εάθείαι
730 1697 942 1785 παράλληλοί
961 1702 1038 1785 είσι,
1062 1702 1183 1787 δῆλον-

153 1803 220 1873 ἀπά
243 1809 311 1873 τῶν
333 1808 567 1892 καταγραφῶν.

223 1914 297 1978 106.
333 1912 378 1978 Τὸ
402 1910 465 1998 μὲν
487 1935 552 1999 προ
575 1909 700 1980 τούτου
721 1909 884 1999 θεώρημα
905 1913 965 1991 τάς
987 1910 1032 1999 μή
1056 1911 1109 1979 ἐπὶ
1127 1910 1168 1979 τά

154 2013 239 2083 αὐτὰ
262 2017 345 2103 μέρη
368 2022 494 2102 γωνίας
522 2016 712 2104 λαμβάνον,
740 2019 835 2097 ἐντὸς
862 2016 898 2086 δὲ
925 2020 994 2086 τῶν
1023 2015 1168 2087 εὐθειῶν

103 2147 135 2196 15
153 2123 306 2208 κειμένας
325 2131 399 2202 ίσας
417 2119 578 2209 ἀλλήλαις
596 2125 729 2191 ἐδείκνυ
743 2123 975 2211 παραλλήλους
990 2121 1094 2203 οὔσας
1111 2126 1171 2204 τάς

154 2224 304 2314 εὐθείας,
336 2232 435 2297 τοῦτο
464 2228 502 2296 δὲ
529 2226 588 2309 τὰς
620 2227 736 2309 λοιπὰς
764 2229 827 2297 δύο
858 2229 1037 2309 ὑποθέσεις
1067 2250 1167 2317 προσ·

153 2339 308 2421 τίθησιν,
332 2326 381 2403 ὦν
403 2334 425 2420 ἡ
449 2335 510 2421 μὲν
533 2333 592 2415 τάς
614 2341 741 2421 γωνίας
763 2343 885 2423 μερίζει
908 2333 991 2403 κατὰ
1012 2363 1050 2404 το
1075 2336 1169 2416 ἐντὸς

154 2442 209 2509 καί
224 2441 326 2527 ἐκτός,
341 2438 362 2528 ἡ
377 2440 415 2509 δὲ
429 2438 621 2529 ἀμφοτέρας
636 2441 730 2522 ἐντὸς
739 2442 937 2511 ὑποτίθεται
951 2442 1006 2509 καί
1017 2446 1168 2509 δείκνυσι

154 2547 191 2615 τὸ
217 2543 299 2614 αὐτο
320 2547 546 2633 συμπέρασμα.
585 2550 712 2628 δόξειεν
732 2546 763 2616 δ’
781 2545 825 2616 ἀν
844 2548 944 2617 πάλιν
963 2548 1040 2616 νυνί
1060 2548 1098 2616 ἐν
1117 2549 1167 2616 ἑνί

101 2678 136 2726 20
154 2651 348 2737 θεωρήματι
370 2650 429 2731 τὰς
452 2650 591 2733 ἐναλλὰξ
615 2660 689 2733 ίσας
711 2650 948 2739 ὑποτίθεσθαι,
973 2657 1010 2722 ἐν
1033 2654 1083 2721 ἑνὶ
1107 2654 1169 2740 μὲν

154 2763 193 2845 τῇ
223 2755 314 2836 ἐκτὸς
341 2758 397 2824 καί
426 2759 485 2836 τὰς
512 2757 606 2838 ἐντὸς
636 2760 690 2826 καί
722 2761 775 2828 ἐπὶ
802 2759 843 2829 τά
871 2759 956 2829 αάτά
986 2763 1071 2847 μέρη
1104 2760 1168 2829 δύο

155 2860 262 2947 ὀρθὰς
285 2873 367 2942 ῐσας.

502 3025 558 3090 Ad
581 3049 685 3111 prop.
709 3027 825 3092 XXIX.

224 3151 297 3214 107.
333 3145 378 3214 Τὸ
398 3146 457 3214 κθ’
472 3145 633 3234 θεώρημα
652 3146 854 3235 ἀμφοτέροις
873 3148 1084 3237 ἀντιστρέφει
1099 3163 1172 3231 τοῖς

102 3277 135 3325 25
155 3276 219 3335 προ
249 3250 355 3319 αὐτοῦ
382 3256 428 3341 τῷ
457 3250 514 3338 κη’
537 3254 593 3320 καὶ
624 3258 670 3346 τῷ
704 3254 766 3335 κζ’·
807 3253 844 3323 τὸ
871 3254 935 3342 γὰρ
964 3257 1001 3323 ἐν
1025 3257 1170 3348 ἑκατέρῳ

156 3357 358 3444 ζητούμενον
377 3355 544 3426 ὑπόθεσιν
563 3373 716 3445 ποιεῖται,
735 3364 775 3428 τὰ
793 3364 829 3429 ἐν
844 3364 983 3441 ἐκείνοις
1002 3364 1172 3448 δεδομένα

167 3503 368 3515 *a*

228 3577 287 3625 106.
306 3570 335 3626 Ρ.
409 3571 647 3643 107.v·(P·fq).

157 3698 368 3707 *-

230 3773 269 3819 10.
290 3766 363 3894 ἴσως)
383 3762 551 3837 015⁶«ch;
574 3767 639 3823 fort.
659 3768 722 3828 ίσας
741 3761 834 3829 οάσας.
919 3773 951 3823 19
961 3783 1001 3893 ιη
1027 3772 1173 3839 corrupta.

185 3843 227 3890 2¹6.
251 3838 342 3908 δεδομ
360 3839 410 3912 να]
431 3838 460 3907 Ρ,
479 3836 595 3895 Ρτουίυι
613 3854 640 3909 p.
661 3844 722 3905 364,
741 3843 772 3903 83
791 3835 950 3907 δεδογμένα

999 3856 1025 3907 q.
