2414 4236
10 19 1136 300 u

212 552 368 605 sellom
386 554 425 606 IN
443 554 718 607 ELEMENTORUM
734 556 875 609 LIBRUM
888 558 922 611 X.
1012 555 1078 620 437

129 697 183 763 28.
220 692 290 761 Διὰ
317 704 376 762 τοῦ
405 693 440 761 α’
462 692 585 763 τούτου
612 699 674 763 τοῦ
700 695 924 784 θεωρήματος
950 703 1078 784 γίνεται

63 806 184 889 δῆλον,
218 798 270 868 ὅτι
297 802 334 868 έν
362 813 432 880 τοῖς
459 800 636 888 μεγέθεσιν
665 805 756 869 ἔστιν
783 799 1004 892 ἀσυμμετρία.
1048 809 1080 873 εἰ

60 908 126 996 γὰρ
149 910 212 975 τοῦ
234 908 427 994 ἐκκειμένου
450 908 615 994 μεγέθους
637 911 707 976 ἔστι
734 914 850 995 λαβεῖν
879 909 1025 997 μέγεθός
1045 937 1078 979 τι

61 1022 199 1084 ἔλαττον
213 1014 269 1081 καὶ
282 1012 407 1082 τούτου
421 1018 558 1082 ἔλαττον
571 1013 628 1081 καὶ
641 1011 694 1082 ιἰεὶ
708 1019 856 1102 ἔλαττον,
876 1020 924 1096 εἰς
937 1015 1078 1104 ἄπειρον

61 1121 213 1208 τέμνεται
235 1118 276 1187 τὰ
298 1121 424 1208 μεγέθη
451 1120 507 1186 καὶ
531 1117 594 1187 οὐκ
617 1123 664 1201 εἰς
687 1117 877 1208 ὡρισμένον
902 1121 1078 1211 ἐλάχιστον
1114 1142 1131 1192 ⁶

62 1229 195 1315 μέτρον,
218 1223 329 1312 ὥσπερ
353 1226 492 1293 ἐπὶτῶν
512 1222 668 1312 ἀριθμῶν
687 1223 708 1314 ἡ
727 1226 845 1315 μονάς.
883 1232 914 1296 εἰ
932 1222 996 1297 οὖν
1016 1226 1078 1298 οὐκ

62 1340 153 1403 ἔστιν
177 1330 367 1420 ὡρισμένον
390 1333 534 1420 μέγεθος
557 1332 742 1420 ἐλάχιστον,
766 1339 836 1403 ἔστι
855 1331 932 1402 τινὰ
951 1336 1077 1422 μεγέθη

62 1438 266 1526 ἀσύμμετρα,
285 1436 306 1506 ἃ
322 1435 383 1527 οὐχ
401 1437 467 1506 ὑπό
481 1464 572 1518 τινος
591 1439 756 1525 μεγέθους
773 1445 893 1509 κοινοῦ
913 1452 1078 1529 μετρεῖται

63 1545 120 1612 διὰ
142 1543 180 1612 τὸ
204 1541 374 1632 ἀόριστον.

130 1654 182 1718 29.
224 1650 293 1719 Διὰ
320 1649 382 1719 τὸν
411 1648 495 1738 ὅρον
526 1653 587 1718 τοῦ
615 1649 644 1718 ε’
671 1649 731 1719 τὸν
764 1652 916 1738 λέγοντα·
955 1660 1077 1722 πολλα·
1096 1672 1130 1726 10

61 1758 205 1826 πλαίσιον
225 1757 263 1826 δὲ
276 1756 313 1826 τὸ
329 1762 440 1844 μεῖζον
460 1760 521 1824 τοῦ
536 1755 721 1842 ἐλάττονος,
741 1756 822 1826 ὅταν
836 1763 1077 1847 καταμετρῆται

61 1862 128 1933 ὑιιὸ
156 1867 218 1932 τοῦ
246 1861 431 1942 ἐλάττονος.
477 1860 515 1930 τὸ
542 1862 606 1951 γὰρ
639 1870 750 1952 μεῖζον
781 1865 837 1933 καὶ
868 1864 906 1934 τὸ
940 1871 1077 1934 ἔλαττον

63 1968 171 2056 ὄνομα
194 1967 296 2056 λόγος
319 1971 402 2054 έστί,
431 1971 581 2038 τουτέστι
605 1972 715 2056 σχέσις
738 1970 824 2058 μόνη
848 1976 917 2040 τῶν
939 1996 1078 2060 πεπερα-

62 2077 195 2162 σμένων
218 2079 383 2162 μεγεθῶν.
489 2117 491 2121 ,

131 2185 182 2249 30.
222 2176 353 2248 Ταύτὸν
379 2177 409 2247 δ’
436 2183 526 2248 ἐστιν
555 2184 676 2267 εἰπεῖν,
709 2179 761 2249 ὅτι
792 2208 831 2251 το
860 2185 1004 2270 μέγεθος
1030 2188 1077 2265 εἰς
1096 2205 1129 2255 ιο

62 2287 183 2375 ἄπειρα
206 2290 392 2374 διαιρεῖται.

130 2398 180 2462 31.
218 2391 286 2460 Καὶ
309 2389 480 2480 ἀφῄρηται
504 2391 569 2460 σἰιιὸ
593 2392 655 2479 μὲν
677 2395 738 2461 τοῦ
762 2400 832 2460 ΔΕ
853 2397 997 2463 ἔλασσον
1015 2398 1077 2462 τοῦ

62 2499 206 2587 ἡμίσεως
223 2525 254 2587 p.
273 2502 304 2585 4,
323 2502 380 2583 26]
404 2496 442 2566 τὸ
461 2498 526 2585 γὰρ
545 2505 618 2565 ΔΕ
633 2502 682 2578 εἰς
700 2502 721 2584 γ
739 2499 893 2587 θιηρέθη,
911 2498 967 2565 καὶ
985 2498 1022 2567 τὸ
1041 2500 1076 2585 γ’

63 2603 168 2675 αὐτοῦ
191 2602 336 2673 ἔλασσόν
359 2606 429 2672 ἐστι
450 2608 512 2671 τοῦ
535 2602 679 2692 ἡμίσεος
701 2603 817 2674 αὐτοῦ.
876 2662 879 2669 .

132 2808 175 2857 28.
195 2798 477 2867 PBFVat.V⁰qq⁰r.
532 2797 729 2873 29.V⁸q(P¹).
785 2799 889 2857 80.V¹.
945 2805 988 2854 31.
1003 2800 1075 2869 Vbq.

60 2921 274 2931 ——-

135 2985 157 3032 1.
177 2977 238 3049 διά]
259 2973 352 3032 ἰστέον
372 2971 415 3030 ὅτι
434 2971 483 3029 θιιὶ
503 2994 529 3045 q.
608 2971 657 3030 διά
677 3006 710 3016 -
731 2982 756 3028 2.
776 2976 874 3100 652on
894 2993 949 3033 om.
970 2983 1010 3046 q⁰‚
1030 2972 1075 3033 έν-

60 3052 166 3105 τεῦθεν
185 3049 271 3119 δῆλον
289 3067 311 3101 r.
386 3055 409 3103 1.
429 3047 480 3101 τοῦ
501 3042 545 3118 α’]
566 3047 621 3115 Bq,
640 3064 694 3102 om.
714 3045 874 3104 PFVat..
933 3048 999 3120 τοῦ]
1019 3064 1073 3104 om.

59 3120 117 3190 Bq.
191 3126 214 3173 2.
242 3113 476 3191 ὅτι]ὅτιθέηο.
560 3115 653 3189 ἔστιν]
672 3134 726 3173 om.
745 3116 782 3185 B;
807 3114 960 3188 έστινὴε.
1035 3139 1047 3175 ε
1178 3179 1180 3185 ,

60 3194 155 3261 δῆλον.
175 3190 204 3245 εἰ
220 3197 258 3259 q0.
325 3195 350 3246 3.
370 3187 559 3277 συγκειμένου
579 3189 613 3244 V.
671 3189 711 3261 τι]
731 3204 785 3244 om.
796 3195 835 3257 q0.
899 3195 924 3246 4.
945 3188 1060 3246 ἔλαττον

60 3265 147 3332 (tert.)
167 3258 300 3324 ὡσαύτως
317 3278 339 3315 r.
402 3278 522 3330 αττειρον
542 3256 599 3328 ἄρα
618 3279 639 3316 r.
712 3265 737 3316 θ.
757 3257 901 3333 τέμνεται]
922 3278 975 3317 om.
990 3281 1011 3330 r,
1030 3261 1075 3316 τέ-

60 3352 178 3403 μνοντες
196 3339 236 3402 q0,
254 3331 388 3401 τέτμηται
406 3351 433 3402 q.
524 3328 558 3386 τὰ
572 3329 702 3418 μεγέθη]
722 3348 776 3386 om.
796 3350 821 3399 r,
841 3329 873 3386 τὸ
893 3330 1016 3402 μέγεθος
1034 3337 1074 3402 q0.

97 3403 149 3476 εἰς]
174 3399 248 3458 ἐστιν
268 3410 307 3471 q⁰‚
326 3420 382 3457 non
401 3403 482 3457 male.
570 3420 655 3471 ορους
673 3400 761 3471 μένον
805 3398 988 3472 ,ὡρισμένον
1006 3423 1034 3457 τι
1051 3421 1074 3456 r.

96 3483 119 3531 6.
145 3473 248 3545 μέτρον
266 3472 397 3543 τέμνεται
416 3469 451 3528 τοὶ
471 3471 581 3543 μεγέθη
605 3492 626 3529 r.
712 3474 763 3527 τοῦ
780 3420 910 3544 έριθμοῦ
929 3480 968 3543 q⁰.
1040 3469 1073 3545 ἡ]

60 3543 136 3602 ἐστιν
155 3545 173 3614 ἡ
192 3565 214 3600 r.
292 3551 317 3599 7.
337 3541 482 3614 ἐλάχιστον
502 3542 624 3614 μέγεθος
643 3539 799 3613 ὡρισμένον
816 3563 839 3602 r.
918 3543 1028 3600 ἔστι-
1047 3549 1073 3600 8.

59 3613 92 3689 ἅ]
114 3633 167 3673 om.
185 3623 225 3686 q0.
300 3623 323 3671 7.
344 3614 420 3670 ἔστιν
439 3611 496 3683 ἄρα
514 3634 535 3669 r.
609 3621 633 3670 8.
652 3610 709 3670 ὑπὸ
728 3613 870 3685 μεγέθους
889 3611 1009 3679 οὐδενὸς
1027 3634 1073 3687 με·

59 3694 167 3757 τρεῖται
186 3687 286 3743 κοινοῦ
306 3706 326 3741 r.
419 3692 461 3742 11.
484 3682 599 3755 ἥττονος
618 3686 651 3741 V.
745 3691 787 3744 12.
811 3681 867 3741 ιἰτιό
889 3687 952 3759 τοῦ]
972 3703 1026 3743 om.
1046 3704 1072 3755 q.

95 3754 211 3830 ἥττονος
230 3760 259 3814 et
277 3749 361 3827 ἦττον
379 3757 411 3812 V.
478 3761 519 3812 18.
539 3753 571 3812 τὸ
590 3751 644 3826 γάρ
665 3756 733 3828 ΔΕ]
753 3754 802 3812 διὰ
821 3756 855 3813 τό
873 3757 907 3814 V.
967 3760 1073 3828 θιαιρε·

58 3831 150 3901 θῆναι
169 3831 201 3886 V.
274 3828 339 3900 καί]
358 3827 407 3883 καὶ
425 3824 474 3883 διὰ
494 3829 578 3883 τοῦτο
598 3829 630 3884 V.
710 3833 752 3884 19.
772 3826 888 3886 ἔλαττον
907 3827 948 3886 V.
1019 3825 1086 3883 ἔστι.

59 3934 93 3943 -
112 3896 216 3972 αὐτοῦ]
233 3899 284 3954 τοῦ
303 3895 418 3969 ἡμίσεος
437 3899 469 3956 V.
