2414 4236
245 498 401 552 scflomA
419 500 458 552 IN
475 498 752 551 ELEMENTORUM
769 500 908 552 LIBRUM
921 503 943 552 1.
1033 498 1094 564 131

79 639 155 726 περὶ
183 639 222 708 δὲ
248 641 289 707 τά
321 645 470 726 τρίγωνα
503 644 572 707 ἔστι
603 639 659 707 καί
690 638 775 707 ἀλλα
806 645 991 727 θεωρῆσαι·
1038 645 1097 726 τῆς

81 744 143 832 μέν
164 745 230 834 γάρ
253 736 383 831 βάσεως
402 746 642 833 ἐλαττουμένης
660 748 852 814 ἐλαττοῦται
871 744 891 832 ἡ
910 752 1028 832 γωνία,
1051 743 1095 833 ἣν

80 848 258 937 ὑποτείνει,
282 848 469 938 αὐξομένης
492 850 529 919 δὲ
553 848 686 933 αὔξεται
709 851 764 918 καί
783 847 803 937 ἡ
824 857 938 937 γωνία.
971 858 1039 920 τῶν
1059 854 1095 921 δὲ

80 960 234 1045 πλευρῶν
257 959 512 1044 ἐλαττουμένων
535 955 626 1038 αὔξει
655 953 675 1041 ἡ
705 961 827 1043 γωνία,
856 954 1096 1044 αὐξανομένων

80 1062 118 1130 δὲ
139 1066 209 1132 τῶν
231 1044 387 1148 πλευραῖν
410 1066 570 1149 μειοῦται.
1115 1083 1131 1132 5

144 1172 199 1237 45.
219 1165 356 1254 Ἱστέον,
371 1165 473 1236 ὅτιτὸ
489 1167 524 1254 η’
534 1166 696 1254 θεώρημα
709 1172 865 1236 τοιοῦτον
880 1172 945 1254 ἔχει
956 1169 1094 1256 σκοπόν,

76 1277 135 1343 ἵνα
157 1269 186 1361 ᾗ
202 1281 351 1363 τρίγωνα
373 1275 552 1361 τεθειμένα
575 1273 625 1342 ἐπ’
647 1273 773 1361 ἀλληλα
798 1282 871 1353 ἴσας
895 1278 951 1362 ἔχη
975 1275 1034 1356 τὰς
1058 1278 1095 1345 ἐν

77 1396 150 1462 ταῖς
171 1394 337 1469 κορυφαῖς
354 1386 488 1467 γωνίας.
526 1385 613 1447 ἔοικε
633 1380 669 1447 δὲ
688 1391 787 1448 τοῦτο
807 1393 916 1448 ποιεῖν
935 1378 957 1466 ἦ
975 1385 1094 1450 τετῶν

77 1491 306 1574 περιεχουσῶν
328 1491 484 1574 πλευρῶν
512 1488 570 1566 τὰς
596 1492 723 1572 γωνίας
748 1487 804 1554 καὶ
827 1483 848 1573 ἡ
871 1496 939 1553 τῶν
962 1487 1094 1572 βάσεων

80 1593 205 1679 ίσότης.
247 1597 316 1663 τῶν
337 1619 373 1662 τε
400 1593 466 1680 γάρ
494 1592 627 1678 βάσεων
655 1590 783 1661 ἀνίσων
812 1590 925 1660 οὐσῶν
952 1598 1010 1680 τῆς
1033 1594 1093 1679 μὲν
1114 1612 1147 1661 10

81 1701 322 1787 ἐλαττουμένης
336 1704 595 1768 συνελαττοῦται
613 1696 704 1785 ναίὴ
723 1705 841 1785 γωνία,
863 1703 921 1785 τῆς
940 1699 977 1766 δὲ
997 1696 1093 1781 αὐξα-

76 1805 224 1893 νομένης
247 1808 459 1893 συναύξεται,
483 1803 560 1874 οὔτε
584 1804 621 1873 δὲ
645 1808 712 1873 τῶν
734 1805 868 1890 βάσεων
889 1808 957 1872 τῶν
981 1804 1093 1873 αὐτῶν

77 1923 269 1998 μενουσῶν,
297 1917 365 1981 τῶν
390 1912 427 1980 δὲ
450 1917 605 1997 πλευρῶν
628 1910 878 1997 ἀνισαζομένων
907 1919 977 1978 ἶσαι
1005 1909 1093 1998 εὑρε-

78 2016 245 2102 θήσονται
282 2022 320 2086 αί
353 2024 490 2106 γωνίαι,
526 2016 610 2085 ἀλλά
643 2021 711 2085 τῶν
743 2017 805 2104 μὲν
837 2019 1092 2104 έλασσουμένων

78 2128 233 2212 πλευρῶν
256 2123 389 2206 αὔξεται
417 2122 438 2211 ἡ
469 2130 590 2212 γωνία,
618 2127 686 2191 τῶν
715 2123 752 2192 δὲ
780 2122 973 2210 αὐξομένων
1003 2126 1092 2192 έλατ-
1113 2143 1145 2192 15

37 2226 41 2233 ’
76 2234 203 2300 τοῦται.
239 2228 387 2318 ἀσφαλές
410 2223 473 2299 οὖν
496 2229 533 2299 τὸ
558 2233 742 2317 λεγόμενον
760 2229 822 2315 τὴν
841 2229 942 2314 βάσιν
960 2231 1015 2296 καὶ
1034 2229 1093 2309 τάς

76 2337 225 2425 πλευρὰς
258 2346 332 2419 ίσας
363 2335 577 2425 ὑπαρχούσας
609 2335 671 2422 τὴν
705 2335 840 2421 ἰσότητα
874 2338 932 2420 τῆς
968 2340 1093 2419 γωνίας

76 2441 262 2532 ἀφορίζειν.
311 2447 410 2511 τοῦτο
444 2443 480 2511 δὲ
512 2440 549 2510 τὸ
578 2441 739 2530 θεώρημα
767 2437 994 2527 ἀντίστροφόν
1023 2442 1093 2508 ἐστι

74 2554 123 2642 τῷ
148 2549 192 2619 δ’.
235 2549 273 2618 τὸ
298 2548 360 2636 μὲν
383 2548 448 2637 γάρ
470 2547 529 2628 τάς
552 2554 574 2634 β
600 2546 746 2635 πλευρὰς
769 2556 843 2627 ίσας
867 2543 953 2614 εἷναι
976 2559 1048 2626 ταῖς
1070 2553 1092 2632 β

75 2665 238 2744 πλευραῖς
266 2653 430 2735 ὑπόθεσίς
458 2658 548 2723 ἐστιν
576 2657 613 2723 έν
640 2653 858 2741 ἀμφοτέροις,
890 2652 927 2721 τὸ
961 2652 998 2721 δὲ
1030 2651 1091 2739 τὴν
1111 2672 1145 2721 20

72 2762 180 2851 βάσιν
203 2771 281 2848 ίσην
303 2767 343 2851 τῇ
366 2762 462 2847 βάσει
486 2765 523 2829 ἐν
552 2763 666 2852 ἐκείνῳ
695 2761 755 2847 μὲν
783 2766 852 2829 τῶν
880 2761 1091 2847 ζητουμένων

72 2862 140 2958 ἦν,
162 2871 200 2938 ἐν
223 2868 260 2936 δὲ
282 2867 390 2959 τούτῳ
414 2869 563 2952 δέδοται,
590 2867 628 2935 τὸ
654 2867 690 2934 δὲ
714 2866 776 2953 τὴν
799 2871 926 2951 γωνίαν
950 2874 1027 2952 ίσην
1051 2870 1090 2953 τῇ

71 2981 186 3066 γωνίᾳ
210 2975 393 3060 δεδομένον
416 2973 477 3059 μέν
501 2964 545 3059 ἦν
568 2974 605 3040 έν
624 2974 750 3063 ἐκείνῳ,
774 2971 977 3057 ζητούμενον
997 2971 1034 3037 δὲ
1054 2973 1090 3038 έν

72 3081 196 3173 τούτῳ.
240 3081 328 3168 μόνη
351 3086 470 3149 τοίνυν
494 3077 515 3165 ἡ
538 3078 704 3165 έναλλαγὴ
728 3082 796 3146 τῶν
819 3077 1012 3162 δεδομένων
1035 3076 1090 3142 καί

71 3191 146 3258 τῶν
165 3189 377 3273 ζητουμένων
391 3183 559 3271 ποιεῖτὴν
578 3182 817 3272 ἀντιστροφήν.
850 3188 955 3249 δεῖται
975 3182 1012 3249 δὲ
1030 3186 1089 3249 τοῦ
1109 3200 1143 3249 25

73 3296 103 3378 ζ’
124 3292 209 3381 πρὸς
231 3291 296 3379 τὴν
320 3292 505 3372 ἀπόδειξιν·
528 3287 662 3358 κάκεῖνο
682 3289 819 3378 γὰρκαὶ
839 3298 938 3356 τοῦτο
959 3290 1014 3355 διὰ
1033 3291 1090 3374 τῆς

71 3424 290 3434 -—--—-----—

146 3470 350 3540 mwwn

69 3583 289 3594 ...--·.--—

146 3640 172 3688 2.
191 3629 222 3704 ἡ]
243 3647 324 3687 εοοο.
343 3630 373 3684 Ρ.
443 3636 468 3684 4.
488 3625 581 3700 αὔξει]
601 3645 652 3682 εστ.
673 3623 798 3693 αὔξεται.
868 3632 891 3682 7.
912 3620 1089 3692 έπανάλληλα

71 3706 130 3772 Vf3
153 3708 233 3760 τεοῖο
252 3701 283 3757 Ρ.
372 3706 413 3755 12.
432 3696 638 3764 συναυξάνεται
659 3701 693 3762 Ρ,
718 3698 765 3752 cfr.
785 3698 900 3752 Proelus
919 3714 944 3766 p.
966 3700 1026 3762 270,
1048 3702 1088 3749 10.

109 3783 152 3833 16.
173 3770 360 3841 αάξονμένων
378 3771 455 3826 Pvf.
514 3776 557 3826 22.
577 3771 653 3841 λ’σην]
672 3769 703 3836 Ρ,
723 3769 768 3836 ἴση
786 3767 837 3821 Vf.
910 3773 953 3821 24.
973 3767 1027 3822 τῶν
1045 3770 1090 3837 ζη-

69 3845 221 3920 τουμένων
240 3843 291 3900 καί
308 3844 365 3899 τῶν
385 3841 547 3913 δεδομένων
562 3840 592 3911 Ρ,
613 3841 660 3901 cfr.
680 3840 799 3900 Proclus
816 3858 844 3916 p.
863 3846 931 3915 255,
948 3846 995 3899 λδ.

905 3939 945 3997 ψ
