2414 4236
136 538 201 604 184
288 538 988 595 Bcflofflmm'l'offlmffll.
1086 552 1091 561 ·

130 679 279 751 Πλάτων
314 686 380 769 ἔφη
417 680 603 765 διδάσκων,
639 676 692 749 ὅτι
719 676 742 767 ή
773 676 955 769 ὀρθή’τής
985 677 1153 747 ἐπιπέδου

131 786 262 874 βάσεως
279 788 316 856 ἐκ
328 784 506 872 τριγώνων
520 786 733 873 συνέστηκεν.
763 785 905 855 ἕκαστον
918 783 957 854 δὲ
968 782 1152 867 άναλύεται

132 898 179 974 είς
203 892 306 962 δυάδι
328 892 498 963 ἐλάσσονα
518 896 669 981 τρίγωνα
689 895 759 961 τών
777 895 912 962 οίιιείων
927 894 1097 979 πλενρών,
1118 894 1152 959 εί

131 997 379 1089 τετράπλευρόν
397 1000 500 1085 ἐστιν,
519 1002 567 1078 είς
581 997 657 1085 δύο,
675 1003 708 1067 εί
723 997 986 1085 πειτάιλενρον,
1003 1000 1052 1078 εἰς
1063 998 1152 1083 τρία,

98 1108 167 1175 σεί
189 1103 410 1193 ἕξάπλιυρον,
442 1109 490 1187 είς
516 1106 671 1193 τέσσαρα.
716 1102 780 1174 δύο
806 1102 872 1192 γάρ
899 1109 1048 1191 τρίγωνα
1070 1122 1151 1172 συν-

132 1213 275 1281 τεθέντα
297 1210 546 1300 τετράπλευρον
569 1213 705 1298 ἐποίησε
728 1208 846 1296 εύθύς,
868 1200 897 1301 ᾧ
920 1207 959 1278 δὲ
979 1213 1050 1278 τών
1072 1228 1151 1279 συν·

132 1320 244 1388 θέτων
267 1316 443 1407 τριγώνων
462 1313 600 1410 ἀριθμῷ
617 1314 657 1386 τό
674 1318 810 1405 πρώτον
827 1313 954 1385 συστὰν
973 1314 1150 1403 διήνεγτιεν
1178 1316 1181 1321 ’

132 1435 203 1495 τών
216 1425 338 1493 ἑαυτοῦ
351 1427 518 1511 πλενρών,
530 1422 640 1516 τούτῳ
653 1422 711 1491 καί
723 1420 766 1492 τά
780 1423 854 1509 ἕξής
864 1420 975 1491 πάντα
989 1422 1151 1511 διαφέρει

135 1530 236 1600 δυάδι
254 1529 322 1618 άρα
339 1534 408 1599 τάν
426 1527 662 1615 πολύπλευρον
678 1533 817 1609 πλείους
833 1533 900 1617 ἔχει
918 1526 1065 1615 πλευρὰς
1081 1531 1152 1598 τών

82 1656 115 1707 10
134 1636 329 1726 τριγώνων,
357 1640 405 1719 είς
433 1632 456 1704 ἃ
485 1634 667 1703 διαλύεται.
710 1631 798 1703 άλλά
820 1660 859 1722 γε
880 1634 950 1723 μήν
969 1632 1062 1703 άπαν
1084 1638 1151 1723 τρί·

134 1771 248 1830 γωνον
272 1744 438 1812 δέδεικται
462 1741 562 1810 δυσὶν
585 1737 707 1827 ὀρθαῖς
730 1747 806 1821 ίσας
828 1746 907 1830 ἔχον
931 1739 990 1821 τὰς
1017 1744 1152 1827 γωνίας.

135 1848 312 1929 διπλάσιος
343 1845 409 1936 ἄρα
441 1846 460 1915 δ
492 1849 562 1915 τών
593 1855 730 1932 γωνιῶν
762 1844 911 1935 άριθμός
938 1843 1050 1916 αύτών
1081 1848 1152 1915 τών

135 1953 368 2023 συντεθέντων
385 1950 561 2039 τριγώνων
580 1950 763 2039 γενόμενος
781 1953 954 2039 παρέξεται
967 1951 1005 2023 τὸ
1020 1955 1152 2040 πλῆθος

134 2069 203 2127 τών
218 2056 347 2146 ὀρθών,
367 2054 463 2137 ὅσαις
477 2058 619 2126 ἕκαστον
633 2057 834 2145 πολύγωνον
849 2068 924 2139 ῖσας
938 2064 1003 2146 ἔχει
1016 2065 1152 2146 γωνίας.

84 2185 117 2234 ιι
136 2163 190 2233 διὸ
214 2168 282 2232 πᾶν
305 2164 367 2251 μὲν
389 2162 635 2251 τετράπλευρον
658 2165 813 2252 τέτρασιν
841 2163 962 2253 ὀρθαῖς
987 2173 1062 2245 ῖσας
1085 2169 1152 2251 ἔχει

136 2277 272 2357 γωνίας·
313 2272 350 2339 έιι
378 2274 473 2338 δυεῖν
502 2268 567 2357 γὰρ
591 2271 761 2339 συνέκειτο
789 2270 977 2358 τριγώνων·
1019 2281 1085 2338 πᾶν
1113 2270 1151 2339 δὲ

135 2377 386 2465 πεντάπλευρον
411 2379 444 2459 ἓξ
466 2377 523 2444 καί
545 2380 646 2446 τοῦτο
671 2377 744 2463 ἑξῆς
768 2376 901 2464 ὁμοίως.
947 2381 983 2444 ἓν
1006 2376 1068 2464 μὲν
1087 2368 1152 2445 ούν

136 2488 236 2552 τοῦτο
256 2482 399 2568 ληπτέον
419 2485 454 2550 ἐκ
472 2486 534 2549 τοῦ
552 2481 771 2568 θεωρήματος
789 2482 912 2551 τούτου
926 2484 1001 2571 περὶ
1014 2483 1153 2551 πάντων

136 2592 205 2656 τῶν
237 2586 445 2671 πολυγώνων
475 2584 544 2673 άμα
576 2587 632 2653 καὶ
665 2584 933 2676 εὐθυγράμμων,
966 2590 1080 2675 ἕτερον
1113 2588 1151 2655 δὲ

83 2714 118 2763 20
139 2691 304 2778 ἑπόμενον
334 2690 443 2782 τούτῳ
476 2692 688 2779 συνέλωμεν,
727 2691 777 2762 ὅτι
810 2699 878 2763 πάν
911 2698 1019 2782 σχῆμα
1050 2692 1152 2762 εύθύ

137 2824 292 2885 γραμμον
316 2796 456 2882 ἑκάστης
478 2800 547 2864 τών
570 2802 726 2883 πλευρών
749 2798 835 2881 ἅπαξ
858 2802 1076 2887 ἐπιβληθείσης
1094 2799 1153 2879 τὰς

138 2902 231 2984 ἐντὸς
254 2904 497 2991 συνισταμένας
519 2909 645 2989 γωνίας
668 2913 743 2985 ῖσας
765 2911 831 2993 ἔχει
849 2908 1003 2994 τέτρασιν
1022 2905 1152 2993 ὀρθαῖς.

139 3014 314 3089 διπλασίας
336 3008 398 3097 μὲν
421 3008 487 3097 γάρ
511 3006 599 3077 εἶναι
623 3013 678 3077 δεῖ
698 3010 757 3091 τὰς
784 3011 837 3100 ἐφ’
863 3012 1000 3101 ἑκάτερα
1028 3018 1154 3099 γωνίας

139 3114 247 3204 ὀρθάς
269 3120 330 3184 τοῦ
348 3115 502 3202 πλήθους
519 3118 587 3184 τών
605 3121 773 3204 πλευρῶν,
797 3117 910 3206 ἐπειδὴ
930 3118 1020 3211 πρὸς
1031 3120 1153 3206 ἑκάστη

84 3246 120 3297 25
140 3223 239 3291 δυσὶν
258 3219 379 3309 ὀρθαῖς
398 3229 468 3289 ίσαι
488 3226 715 3291 συνίστανται.
752 3221 1013 3312 άφαιρονμίνων
1032 3224 1070 3293 δὲ
1083 3228 1154 3293 τών

139 3337 223 3396 ἴσων
246 3340 318 3408 ταῖς
340 3325 434 3407 έντὸς
460 3323 578 3414 ὀρθών
605 3331 644 3396 αἱ
669 3331 783 3398 λοιπαὶ
806 3336 959 3416 γίνονται
992 3334 1029 3397 αί
1059 3331 1155 3410 ἐκτὸς

138 3435 292 3521 τέτρασιν
322 3430 443 3519 ὀρθαῖς
472 3441 549 3501 ίσαι.
597 3428 672 3504 οἷον
700 3439 731 3503 εί
761 3434 799 3503 τὸ
832 3446 943 3524 σχῆμα
973 3442 1154 3524 τρίγωνον,

138 3536 279 3623 ἑκάστης
301 3534 406 3606 αύτοῦ
429 3544 574 3627 πλευρᾶς
598 3538 685 3622 ἅπαξ
709 3543 953 3628 έκβαλλομένης
975 3544 1009 3623 ἓξ
1033 3541 1157 3627 ὀρθαῖς

139 3652 209 3713 ίσαι
232 3648 448 3713 συνίστανται
471 3650 592 3731 γωνίαι
616 3649 708 3714 αἵτε
732 3645 826 3727 ἐντὸς
848 3649 905 3715 καί
925 3647 1027 3733 έκτός,
1051 3639 1100 3715 ών
1120 3652 1162 3714 αἱ

139 3794 352 3805 --....-.

63 3864 121 3998 ⁸
202 3880 245 3930 11.
269 3868 335 3949 τάς]
351 3870 389 3931 τώ
405 3872 436 3934 Ρ.
511 3882 555 3935 2⁶.
576 3876 650 3951 ίοαι]
669 3875 742 3940 ίσαις
760 3875 791 3931 Ρ.
