2414 4236
220 530 376 582 scnom
393 532 432 583 m
450 530 725 585 νοωωυνοωυα
742 532 881 583 Lunum
894 534 927 585 x„
1014 529 1077 594 591

347 708 402 773 Ad
426 730 508 793 app.
531 731 584 775 nr.
608 710 650 775 27
675 733 706 794 p.
728 709 803 774 408.

132 835 207 898 477.
242 829 296 897 Ἐκ
319 833 377 916 τῆς
401 833 447 909 εἰς
470 831 597 900 ἄτοπον
620 827 807 918 ἀπαγωγῆς.

133 941 207 1005 478.
236 934 346 1005 Ἔστω
369 937 580 1024 τετράγωνον
604 936 642 1005 τὸ
667 942 817 1023 ΑΒΓΔ,
841 935 1018 1024 διάμετρος
1041 935 1079 1005 δέ

66 1042 172 1112 αὐτοῦ
192 1041 212 1130 ἡ
232 1048 305 1111 ΑΓ.
342 1040 493 1130 φανερὸν
511 1041 564 1129 δή,
584 1039 635 1111 ὅτι
655 1045 821 1123 ἰσοσκελές
840 1047 909 1112 ἐστι
927 1042 964 1112 τὸ
980 1048 1079 1111 ΓΑΔ

64 1157 232 1238 τρίγωνον
256 1158 333 1235 ἴσην
357 1154 435 1236 ἔχον
457 1147 519 1236 τὴν
544 1157 615 1217 ΔΑ
637 1152 676 1238 τῇ
701 1154 784 1216 ΔΓ·
817 1146 939 1237 ὁμοίως
961 1151 1016 1218 καὶ
1039 1151 1076 1220 τὸ
1115 1182 1132 1232 5

65 1263 168 1324 ΒΑΓ
195 1260 362 1342 τρίγωνον
396 1256 563 1357 ἰσοσκελές
595 1258 695 1324 ἐστιν.
747 1260 829 1324 ἔστω
862 1249 925 1324 οὖν
958 1255 979 1344 ἡ
1009 1267 1080 1326 ΔΑ

67 1360 227 1447 μονάδων
252 1367 273 1427 δ
295 1356 316 1446 ἢ
340 1365 456 1428 ποδῶν
480 1366 511 1447 δ,
536 1358 693 1441 ὡσαύτως
715 1363 770 1430 καὶ
793 1360 814 1450 ἡ
838 1369 900 1431 ΓΔ
923 1368 953 1432 δ.
995 1361 1079 1432 ῶστε

66 1470 181 1553 δῆλον,
206 1463 257 1534 ὅτι
280 1464 317 1534 τὸ
340 1462 406 1534 άπὸ
426 1470 485 1553 τῆς
500 1474 570 1535 ΔΑ
588 1470 657 1535 ἐστι
677 1473 709 1538 t}
731 1470 847 1536 ποδῶν
866 1465 887 1555 ἦ
906 1469 1078 1556 μονάδων,

66 1573 191 1659 δμοίως
212 1572 268 1639 καὶ
290 1571 328 1642 τὸ
352 1570 417 1642 άπὸ
441 1577 500 1661 τῆς
517 1579 581 1642 ΓΔ
602 1573 765 1642 τοιούτων
790 1580 831 1644 ιζ’.
867 1575 923 1642 καὶ
946 1575 1016 1643 ἐπεὶ
1038 1574 1076 1642 τὸ

66 1677 130 1747 άπὸ
155 1682 213 1766 τῆς
237 1686 305 1747 ΑΓ
329 1687 405 1747 ἴσον
434 1680 502 1748 ἐστὶ
532 1693 601 1760 τοῖς
628 1679 694 1748 άπὸ
721 1684 789 1749 τῶν
815 1688 899 1766 ΔΑ,
922 1686 998 1766 ΓΔ,
1032 1681 1077 1762 ῶς
1097 1711 1130 1759 10

65 1787 230 1853 δέδεικται
249 1788 285 1853 έν
304 1791 349 1876 τῷ
370 1785 421 1872 μζ’
442 1791 503 1855 τοῦ
522 1786 557 1854 α’
577 1792 719 1873 βιβλίου,
743 1791 861 1873 δῆλον,
885 1785 936 1854 ὅτι
955 1786 992 1855 τὸ
1011 1785 1076 1854 άπὸ

64 1897 122 1977 της
146 1898 213 1958 ΑΓ
241 1892 422 1960 διπλάσιόν
450 1895 519 1961 έστι
548 1898 609 1961 τοῦ
641 1891 707 1961 άπὸ
736 1897 794 1979 τῆς
817 1901 896 1960 ΔΑ.
942 1898 1010 1961 ἔστι
1040 1890 1077 1960 δὲ

63 1997 101 2065 τὸ
120 1996 184 2064 άπὸ
205 2002 263 2082 τῆς
278 2007 310 2063 Α
316 2007 347 2065 Α
366 2004 412 2069 ιῖ·
435 1996 473 2065 τὸ
493 1996 557 2065 άπὸ
576 2008 636 2085 τῆς
655 2000 836 2086 διαμέτρου
858 1999 923 2086 άρα
948 2000 1015 2068 ἐστὶ
1030 1992 1077 2085 λβ

63 2102 138 2189 ἦτοι
153 2101 339 2170 διπλάσιον.
372 2104 427 2171 καὶ
442 2104 511 2171 έπεδ
525 2103 622 2190 μήκει
637 2103 818 2192 σύμμετροι
833 2104 968 2173 εὐθεῖαί
979 2110 1076 2189 εἰσιν,

64 2207 146 2276 ὅταν
169 2211 304 2295 μεγέθει
327 2214 600 2298 καταμετρῶνταί
619 2237 702 2295 τινι,
733 2210 851 2278 καὶτὰ
878 2209 935 2279 άπ’
961 2209 1074 2279 αὐτῶν
1095 2236 1128 2286 15

63 2314 253 2402 τετράγωνα
286 2315 388 2402 λόγον
417 2320 490 2406 ἔχη,
524 2312 565 2384 ὃν
591 2314 800 2404 τετράγωνος
822 2315 968 2404 άριδμὸς
992 2314 1076 2403 πρὸς

62 2423 272 2507 τετράγωνον
301 2419 468 2510 άριθμόν,
501 2420 521 2509 ἡ
556 2422 593 2491 δὲ
621 2422 791 2509 δυναμένη
818 2420 878 2490 τὸν
906 2415 1073 2509 λ’βκαδὴ

63 2525 190 2612 πλευρὰ
214 2523 256 2594 οὐ
278 2533 561 2615 καταμετροῦνται
585 2529 720 2615 μεγέθει
741 2534 825 2613 τινί,
849 2526 930 2597 οὐδὲ
952 2525 992 2597 τά
1015 2527 1072 2595 ἀπ’

63 2631 175 2700 αὐτῶν
198 2632 389 2720 τετράγωνα
412 2632 516 2720 λόγον
540 2639 616 2720 ἔχει,
641 2631 681 2702 δν
705 2633 912 2721 τετράγωνος
931 2633 1075 2720 ἀριθμὸς

62 2736 145 2824 πρὸς
165 2738 389 2825 τετράγωνον·
414 2736 526 2819 οὐδεὶς
548 2738 612 2827 γάρ
635 2740 843 2827 τετράγωνος
865 2740 1075 2828 τετραγώνου
1093 2769 1128 2819 20

63 2843 252 2923 διπλάσιος·
297 2843 506 2932 ἀσύμμετρός
537 2848 607 2914 ἐστι
644 2848 739 2933 μήκει
773 2845 794 2932 ἡ
828 2846 1003 2934 διάμετρος
1034 2852 1073 2936 τῇ

61 2957 197 3039 πλευρᾷ.
243 2955 312 3018 ἔστι
341 2951 378 3019 δὲ
401 2950 422 3038 ἡ
447 2952 617 3039 δυναμένη
645 2945 770 3040 thara-13
796 2954 871 3039 ἤτοι
899 2950 920 3040 ἡ
947 2952 1074 3042 πλευρὰ

61 3058 159 3124 πέντε
188 3057 349 3143 μονάδων
375 3057 431 3124 καὶ
459 3062 588 3127 λεπτῶν
617 3058 758 3143 πρῶτων
781 3051 843 3144 λ-θ,
871 3052 995 3126 άέλδ
1018 3061 1073 3127 καὶ

62 3161 103 3231 τὰ
127 3150 149 3229 δ
172 3161 274 3230 οὐδὲν
299 3168 411 3250 ἔχουσι
434 3162 553 3233 κοινὸν
576 3166 711 3252 μέτρον,
740 3161 851 3251 ῶσπερ
875 3161 955 3232 οὐδὲ
978 3163 997 3234 ὁ
1017 3157 1073 3252 λδ,

61 3264 106 3346 ῶς
129 3275 272 3354 εἴρηται,
304 3268 387 3356 πρὸς
413 3268 473 3338 τὸν
496 3275 532 3341 ἦ
560 3276 625 3357 ἔχει
648 3269 768 3357 λόγον,
802 3267 844 3339 ὃν
866 3269 1072 3358 τετράγωνος
1091 3297 1125 3347 25

60 3373 206 3460 ἀριθμὸς
229 3373 313 3461 πρὸς
335 3375 549 3463 τετράγωνον
571 3373 730 3463 άριδμόν.

131 3521 192 3570 ιω.
211 3514 241 3571 ν.
315 3523 376 3574 ωε.
396 3517 538 3587 ωερε).

59 3609 252 3695 *iffi
264 3613 298 3683 ’-
318 3649 343 3696 4.
363 3638 433 3713 ἐστι]
453 3638 560 3697 301210'
580 3641 612 3697 v.
687 3648 711 3698 ο.
731 3633 795 3714 τοι]
816 3659 870 3696 om.
889 3643 923 3699 v.
984 3649 1009 3700 ο.
1029 3645 1071 3716 ῖς]

59 3721 212 3793 ἑξκαίδεκα
231 3729 264 3785 V.
358 3735 399 3783 12.
423 3727 493 3801 ἔστι]
512 3728 583 3800 λέγω
604 3729 635 3786 V.
728 3736 768 3786 18.
793 3721 877 3804 [W.
896 3730 946 3785 καλ
965 3728 1018 3786 δύο
1036 3732 1070 3788 V.

95 3805 136 3853 16.
157 3799 254 3872 λόγον]
273 3797 379 3870 ἄλογον
397 3819 423 3869 q.
513 3807 557 3857 21.
581 3801 626 3874 τῇ]
646 3817 699 3856 om.
721 3800 753 3856 V.
843 3808 886 3857 22.
911 3799 969 3856 ἔστι
988 3800 1020 3858 δδ
1039 3799 1077 3871 ru

57 3861 91 3924 οδ
112 3869 144 3923 V.
218 3877 260 3927 28.
280 3871 377 3943 πέντε]
397 3888 450 3926 om.
470 3870 505 3928 V.
