2414 4236
208 507 364 560 SCHOLIA
383 508 421 559 IN
439 508 713 561 ELEMEX'I'ORI'M
731 510 871 561 LIBRUM
884 510 933 562 111.
1007 504 1072 572 267

423 703 477 767 Ad
500 725 603 788 prop.
628 702 715 770 XVI.

127 827 180 894 23.
216 821 329 904 Ἐντὸς
351 837 497 895 πεσεῖται
520 830 581 893 τοῦ
604 824 731 893 κύκλου
752 850 783 912 p.
807 828 882 913 208,
906 829 940 910 9]
965 824 1073 913 ῆγουν

56 941 117 1018 τῆς
139 933 261 1018 κυρτῆς
282 937 508 1018 περιφερειάς,
539 928 581 999 οὐ
604 935 662 1017 τῆς
683 936 805 1018 κοίλης.
851 934 891 1001 In
913 956 979 1021 mg.
1014 933 1073 1019 τῆς

58 1037 122 1125 μὲν
150 1035 243 1117 ἐκτὸς
270 1043 482 1125 περιφερείας
509 1035 613 1123 οὔσης
642 1037 698 1104 καὶ
725 1040 908 1126 λεγομένης
939 1042 1072 1127 κυρτῆς,

56 1148 118 1231 τῆς
141 1143 178 1213 δὲ
201 1141 295 1224 ἐντὸς
317 1150 439 1229 κοίλης.
1091 1166 1107 1215 5

419 1341 474 1406 Ad
497 1363 603 1427 prop.
625 1341 712 1407 XIX.

126 1467 178 1532 24.
198 1460 466 1548 Ἀντιστρόφιον·
481 1462 539 1531 ἐὰν
554 1464 680 1532 κύκλου
689 1462 878 1550 ἐφάπτηταί
887 1489 937 1544 τις
947 1459 1074 1549 εὐθεῖα,

58 1567 125 1638 οἷπὲ
150 1569 188 1638 δὲ
209 1574 269 1655 τῆς
293 1567 382 1657 ἁφῆς
404 1573 444 1656 τῆ
468 1570 680 1658 ἐφαπτομένη
708 1569 793 1657 πρὸς
818 1568 927 1654 ὀρθὰς
949 1573 1074 1656 γωνίας

58 1675 179 1745 εὐθεῖα
201 1673 335 1763 γραμμῆ
360 1674 453 1754 ἐκτὸς
475 1671 565 1763 ἀχθῇ
589 1680 650 1745 τοῦ
673 1674 810 1761 κύκλου,
836 1676 1073 1763 ἐκβαλλομένη,

59 1779 114 1869 ἐφ’
139 1780 161 1851 ἃ
189 1784 272 1870 μέρη
296 1782 388 1850 ἐστὶν
411 1779 429 1849 ὁ
452 1780 586 1863 κύκλος,
614 1782 665 1850 ἐπὶ
694 1781 726 1851 τί
759 1785 900 1869 κέντρον
927 1794 1073 1851 πεσεῖται
1094 1803 1127 1852 10

56 1893 120 1958 τοῦ
142 1889 277 1958 κύκλου.
769 1896 773 1905 ’

429 2015 484 2079 Ad
507 2037 613 2100 prop.
637 2015 707 2080 XX.

127 2142 178 2207 25.
205 2134 343 2223 Ὁμοίως
366 2134 408 2224 δῆ
432 2139 584 2222 δείξομεν
607 2160 637 2222 p.
658 2138 731 2219 220,
755 2140 788 2220 8]
813 2136 944 2219 σκόπει,
967 2136 1012 2225 μῆ
1036 2156 1073 2205 σε

59 2247 210 2333 παρέλθη
234 2242 271 2312 τὸ
296 2243 416 2331 νόημα.

406 2441 461 2505 Ad
486 2462 589 2525 prop.
613 2437 733 2504 XXIII.
1094 2473 1127 2523 1⁶

127 2567 178 2632 26.
188 2564 276 2650 ’Ἅμα
290 2560 353 2650 γὰρ
370 2560 423 2648 ἐφ’
438 2561 575 2648 ἑκάτερα
585 2561 668 2648 μέρη
679 2561 842 2629 δύνανται
852 2562 1075 2647 συσταθῆναι,

60 2667 98 2737 τὸ
122 2668 183 2756 μέν
206 2672 243 2738 ἓν
267 2668 318 2738 ἐπὶ
342 2670 403 2736 τοῦ
427 2666 503 2749 ἑνὸς
525 2668 658 2755 μέρους,
680 2665 718 2735 τὸ
743 2665 782 2735 δὲ
804 2668 918 2754 ἕτερον
941 2666 994 2735 ἐπὶ
1013 2676 1074 2735 τοῦ

61 2774 184 2861 ἐτέρου.

407 2900 462 2964 Ad
486 2921 590 2984 prop.
614 2898 733 2964 XXIV.

130 3023 181 3088 27.
215 3016 286 3089 Ἐπὶ
307 3026 366 3108 τῆς
389 3019 492 3109 αὐτῆς
515 3019 651 3100 εὐθείας
678 3017 741 3088 δύο
764 3018 916 3107 τμῆματα
939 3019 1073 3089 κύκλιον
1092 3037 1128 3087 20

61 3124 160 3212 ὅμοια
190 3126 246 3194 καὶ
278 3126 380 3196 ἄνισα
409 3125 681 3213 συσταθήσονται
709 3125 763 3193 ἐπὶ
795 3123 835 3194 τὰ
864 3123 949 3193 αὐτὰ
977 3126 1075 3213 μέρη·

60 3232 142 3321 ὅπερ
167 3231 346 3303 ἀδύνατον.
387 3228 487 3321 ῆκαλ
510 3230 631 3313 ἄλλως·
669 3236 700 3300 εί
725 3230 790 3318 γὰρ
818 3229 839 3318 ῆ
863 3238 929 3300 AB
957 3230 1075 3301 εὐθεῖα

60 3340 114 3409 ἐπὶ
136 3339 198 3427 τῆν
222 3346 285 3408 ΓΔ
308 3338 492 3427 ἐφαρμόσει
519 3339 575 3408 καὶ
598 3365 638 3406 τα
662 3336 778 3422 λοιπά,
806 3336 928 3418 κύκλος
950 3339 1075 3407 κύκλον

59 3444 142 3513 κατὰ
165 3451 305 3514 πλείονα
327 3443 348 3533 ῆ
374 3448 436 3513 δύο
460 3458 580 3531 σημεῖα
602 3456 705 3531 τεμεῖ·
733 3441 775 3512 οὗ
798 3445 907 3531 τέμνει
933 3444 979 3512 δέ.

95 3629 174 3749 ῃνσ,
194 3642 222 3694 q.
296 3628 339 3677 24.
359 3621 713 3691 PBFVat.(inBeuon.).
787 3627 830 3678 κο.
849 3620 920 3690 V⁸q.
993 3627 1037 3678 26.
1054 3640 1076 3677 r.

132 3714 180 3751 .r.

134 3861 157 3909 7.
178 3851 222 3909 ιθ’
241 3855 271 3922 F,
293 3852 334 3917 είς
352 3848 383 3908 τὸ
402 3848 448 3909 ιθ’
468 3851 533 3909 Vnt.
