2414 4236
134 494 201 561 202
287 494 444 549 scnom
461 496 500 549 m
517 494 794 549 mmmm
809 496 985 550 mavul

135 632 180 716 ῶς
197 636 252 703 καὶ
270 636 402 705 τούτων
419 634 500 723 μετὰ
518 638 588 704 τῶν
606 636 670 705 δύο
687 636 1046 725 παραλληλογράμμων
1064 654 1149 723 συμ-

133 740 354 830 πληροῶντοον
383 739 465 810 ὅλον
492 741 531 811 τὸ
558 743 715 831 περιέχον
741 740 915 831 ἀμφότερα
936 740 1149 832 παραλληλό·

133 874 297 936 νονννον·
333 843 437 935 ὃμὲν
455 845 561 936 νᾶνὴ
585 846 762 937 διάμετροι
783 850 917 936 διανεί,
939 847 1147 937 mestun&

132 954 268 1042 γραμμαί
286 958 362 1040 είσι,
380 951 421 1023 τὰ
439 954 478 1023 δὲ
495 954 557 1036 ἔξω
575 956 635 1041 τής
648 954 830 1042 διαμέτρου
841 953 1147 1043 παραπληρῶμττα,

96 1061 217 1141 ςῶστε
246 1058 283 1129 τὸ
310 1061 467 1150 περιέχον
494 1058 669 1149 ἀμφότερα
697 1057 1046 1150 παραλληλόγραμμον
1077 1058 1146 1130 ὑπὸ

132 1170 200 1235 τῶν
223 1165 286 1235 δύο
310 1165 668 1256 παραλληλογράμμων
694 1170 763 1237 τῶν
790 1166 885 1249 ίντδς
911 1168 967 1237 καί
988 1171 1058 1237 τῶν
1080 1165 1145 1237 δύο

131 1271 453 1361 παραπληρωμῶτιον
479 1273 677 1360 συνέστηκε,
706 1271 825 1358 διόπερ
848 1270 1034 1343 αὐτὸκαθ’
1061 1270 1145 1343 αὖτδ

132 1378 264 1466 μνήμης
286 1381 325 1448 έν
346 1391 418 1459 τοίς
434 1375 529 1463 ὅροις
547 1377 610 1447 οὐκ
626 1377 772 1465 ἠξίωται.
810 1385 976 1460 ποικιλίας
992 1376 1057 1467 γὰρ
1076 1381 1146 1449 ἔδει

132 1482 215 1573 πρὸς
228 1482 291 1573 τήν
305 1484 504 1573 σαφήνειαν,
518 1488 576 1553 ἵνα
589 1488 735 1572 γνῶμεν,
747 1490 784 1553 τί
792 1484 1145 1573 παραλληλόγραμμον

80 1620 113 1671 10
131 1591 187 1658 καὶ
217 1595 294 1660 τίνα
324 1589 365 1659 τὰ
396 1591 473 1678 περὶ
504 1587 565 1677 τήν
593 1588 699 1677 αὐτήν
727 1589 909 1679 διάμετρον
936 1590 1145 1679 παραλληλό-

131 1723 266 1785 γραμμα
289 1694 384 1776 ἐντὸς
405 1699 467 1766 τοῦ
490 1693 582 1765 ὅλου.
618 1694 749 1765 τούτων
771 1694 836 1784 γὰρ
860 1697 1145 1783 σαφηνισδέντων

131 1804 261 1888 ἐγένετο
285 1799 329 1871 ῶν
352 1802 408 1870 καὶ
430 1800 468 1871 τὸ
487 1800 741 1890 παραπλήρωμα
758 1799 939 1891 γνώριμον.
976 1800 1032 1871 διὸ
1050 1827 1146 1890 ταμι-

131 1907 315 1994 ευσάμενος
332 1905 417 1978 αὐτὰ
435 1911 513 1992 νῦν,
531 1905 586 1977 ὅτε
600 1909 706 1977 έδελτο
719 1907 1043 1997 παραπληρωμῶτων
1059 1907 1146 1999 πρὸς

130 2010 168 2080 τὸ
193 2018 354 2100 συστῆσαι
376 2012 415 2083 τὸ
436 2013 786 2103 παραλληλόγραμμον
809 2011 847 2083 τὸ
870 2017 1024 2102 περιέχον
1048 2014 1146 2102 αὐτῶ,

79 2151 112 2199 15
130 2119 185 2186 καὶ
208 2118 269 2188 τὸν
292 2121 366 2208 περὶ
390 2119 518 2190 τούτων
541 2120 645 2207 λόγον
669 2123 833 2207 ἐμφαίνει.

200 2229 272 2294 136.
313 2225 484 2314 Ἕφαμεν,
526 2224 577 2295 ὅτι
613 2225 654 2295 τὰ
688 2226 1020 2316 παραλληλόγραμμα
1055 2242 1145 2316 τρεῖς

129 2331 271 2412 πτώσεις
288 2338 423 2421 ἔχουσιν
441 2333 547 2421 μόνας
560 2335 616 2401 καὶ
630 2331 708 2403 οὔτε
721 2338 858 2413 πλείους
872 2332 949 2401 οὔτε
968 2333 1144 2415 ἐλάσσους·

129 2437 170 2506 τὰ
202 2437 265 2526 γὰρ
298 2437 383 2507 αὐτὰ
409 2437 739 2527 παραλληλόγραμμα
765 2437 806 2507 τὰ
839 2441 915 2528 περὶ
942 2437 1005 2526 τήν
1035 2438 1143 2526 αὐτὴν

130 2545 311 2634 διάμετρον
341 2541 362 2631 ή
397 2558 490 2631 τεμεῖ
519 2543 647 2631 ἄλληλα
679 2541 699 2631 ή
733 2544 815 2612 κατὰ
848 2558 987 2632 σημείου
1023 2546 1143 2627 ἅψεται

76 2682 111 2732 20
130 2650 285 2739 ἀλλήλων
308 2647 329 2737 ἢ
355 2654 515 2719 διεστῶτα
539 2654 630 2717 ἔσται
653 2651 744 2737 μέρει
770 2651 839 2718 τινὶ
867 2656 925 2737 τῆς
953 2654 1143 2740 διαμέτρου.

130 2758 167 2827 τὸ
197 2757 235 2825 δὲ
263 2755 370 2843 ὄνομα
401 2764 470 2823 τῶν
502 2754 824 2842 παραπληρωμάτων
856 2755 913 2824 ἀπ’
943 2756 1049 2825 αὐτοῦ
1080 2761 1144 2825 τοῦ

130 2862 322 2949 πράγματος
344 2867 463 2948 ἔλαβεν
487 2858 505 2929 ὁ
530 2860 740 2948 στοιχειωτής
759 2858 805 2942 ῶς
825 2862 881 2930 καὶ
904 2862 1034 2931 τούτων
1052 2888 1142 2950 παρα

85 2988 92 3005 ·
130 2968 169 3036 τὰ
204 2967 266 3036 δύο
297 2966 627 3055 παραλληλόγραμμα
660 2968 947 3057 συμπληρούντων
978 2969 1017 3037 τὸ
1050 2968 1143 3039 ὅλον.

130 3073 248 3160 διόπερ
280 3071 362 3143 αὐτὸ
395 3070 474 3142 καθ’
506 3070 588 3141 αὑτὸ
621 3072 752 3161 μνήμης
784 3077 821 3142 ἐν
853 3090 923 3154 τοῖς
955 3075 1048 3163 ὅροις
1081 3074 1145 3145 οὐκ

76 3210 111 3260 2⁶
130 3178 275 3267 ήξίωται.
311 3184 476 3258 ποικιλίας
498 3177 563 3265 γὰρ
586 3183 654 3247 ἔδει
677 3178 761 3267 πρὸς
782 3179 844 3267 τήν
863 3179 1061 3268 σαφήνειαν,
1085 3185 1143 3248 ἵνα

129 3291 264 3373 γνῶμεν
280 3285 629 3373 παραλληλόγραμμον
647 3286 701 3352 καλ
720 3291 796 3354 τίνα
809 3285 850 3354 τὰ
864 3288 940 3373 περὶ
953 3287 1015 3373 τὴν
1034 3284 1143 3374 αὐτήν

130 3393 312 3480 διάμετρον
342 3396 387 3484 τῷ
420 3389 496 3482 ὅλῳ.
546 3391 674 3461 τούτων
707 3395 990 3479 σαφηνισδέντοιν
1019 3391 1136 3461 καὶ
1103 3420 1142 3462 το

128 3498 381 3619 παραπλήρωμα
404 3497 512 3585 μόνον
536 3495 580 3578 ῶς
603 3495 647 3566 ἂν
671 3501 707 3584 ἐν
708 3500 866 3567 ένετο
823 3498 1003 3586 μιῶριμον.
1050 3503 1142 3567 ἔστιν

202 3646 262 3696 136.
281 3641 311 3695 P.
339 3640 400 3695 Ηοι
414 3640 616 3696 scholiumo
565 3657 616 3710 pro
606 3659 666 3765 φ.
659 3639 735 3694 XLII
750 3640 892 3696 adiectum
892 3643 961 3729 εει,
980 3641 1051 3696 sed
1042 3660 1072 3697 m
1086 3642 1143 3696 fine

130 3713 236 3783 legitur
253 3712 352 3813 εαιλευι
371 3727 466 3767 manu:
487 3708 552 3766 τόδε
573 3730 649 3780 σχι
624 3708 684 3765 λιὸν
706 3708 796 3766 έατιτ
781 3714 832 3767 τοῦ
852 3709 900 3783 μήν’
920 3708 1074 3782 δευρήματ
1041 3732 1114 3777 ατ.ος

200 3846 280 3893 m
284 3809 384 3910 bidja
365 3854 473 3905 απερτ
458 3830 540 3890 τέΡ.
