2424 4320
145 436 211 501 722
400 437 582 489 mmm
601 435 838 489 scflomomm
856 437 907 491 m

213 584 243 648 Ἰ.
294 574 342 646 Τὰ
375 574 579 664 θεωρήματα
615 579 675 663 της
706 580 909 663 γεωμετρίας
945 578 1010 645 εἰσὶ
1045 583 1165 647 ταῦτα·

145 689 207 755 τοῦ
232 683 266 751 α’
286 688 332 771 μη
360 686 422 751 τοῦ
446 681 540 768 β’ῖθ
567 685 629 750 τοῦ
651 680 685 769 γ’
706 681 755 763 λζ’
782 685 845 750 τοῦ
873 681 907 750 δ’
927 687 963 754 ῑξ
988 688 1050 753 τοῦ
1078 684 1166 754 εἰῖε

144 795 208 861 τοῦ
232 789 264 861 ς’
284 794 327 876 λγ
351 797 414 857 τοῦ
438 786 531 874 ζῇ
558 797 619 857 τοῦ
642 780 736 874 ηἰῖξ
761 791 823 857 τοῦ
845 786 885 855 θ’
905 793 945 860 λξ
971 794 1033 858 τοῦ
1056 791 1168 878 c'ffl

146 906 209 965 τοῦ
233 893 325 981 ια’ρῖ
350 897 413 962 τοῦ
436 892 539 981 ιβῆ
566 898 628 963 τοῦ
651 886 751 982 ιγ’ἶζ
777 892 918 981 ὁμοῦ..

111 1026 128 1076 ⁶
220 1005 250 1069 8.
279 998 350 1069 Ὅτι
374 998 522 1069 δυνατὸν
547 999 690 1087 ἑκάστην
710 1004 780 1069 τῶν
798 998 933 1086 ἀλόγων
952 1000 1003 1070 ἐπ’
1024 1001 1168 1090 ἄπειρον

145 1105 341 1193 λαμβάνειν.

214 1214 349 1291 Πτῶσίς
378 1213 469 1279 ἐστιν
498 1210 663 1299 διάφορος
685 1210 864 1297 μετάθεσις
887 1220 1027 1301 σημείου
1049 1241 1084 1283 τε
1107 1217 1166 1283 καί

145 1317 290 1397 εὐθείας.

204 1423 275 1492 Ὅτι
293 1420 375 1492 ἑπτὰ
394 1425 467 1509 είδη
485 1424 554 1491 τῶν
572 1421 761 1511 τριγώνων·
784 1423 822 1494 τὸ
842 1426 1043 1515 ἰσόπλευρον
1063 1455 1163 1515 μονο-

92 1553 128 1603 10
146 1534 255 1611 ειθως,
278 1528 316 1597 τὸ
340 1528 378 1597 δὲ
401 1529 569 1610 ἰσοσκελὲς
591 1524 613 1616 ή
637 1529 853 1617 ὀρθογώνιόν
877 1534 968 1600 ἐστιν
990 1530 1011 1620 ή
1036 1532 1163 1620 ἀμβλυ-

145 1636 275 1724 γω’νιον
297 1630 318 1721 ή
343 1634 540 1722 ὀξυγώνιον,
563 1636 680 1705 καὶτὸ
703 1635 873 1723 σκαληνὸν
898 1634 1065 1720 ὡσαύτως.

204 1741 275 1809 “On
299 1737 361 1808 οὐκ
384 1745 475 1810 ἔστιν
498 1738 611 1828 εὑρεῖν
633 1741 847 1830 τετράγωνον
874 1740 1027 1831 ἀριθμὸν
1048 1771 1161 1830 τετρα-

145 1847 261 1935 γώνου
298 1846 492 1931 διπλάσιον,
530 1843 605 1915 ἀλλ’
640 1846 722 1916 οὐδὲ
755 1848 959 1936 ἰσοπλεύρου
992 1850 1163 1935 τριγώνου

145 1952 360 2041 ὀρθογώνιον
382 1950 444 2038 τήν
467 1948 714 2020 ὑποτείνουσαν
733 1962 809 2022 ἰσον
828 1960 897 2024 τῶν
916 1955 978 2024 δύο
996 1959 1064 2024 τῶν
1084 1958 1162 2044 περὶ

94 2083 127 2134 ισ
144 2059 207 2148 τήν
232 2057 342 2146 ὀρθήν
365 2064 494 2144 γωνίαν
518 2063 604 2146 ἔχον.

207 2165 304 2253 Ῥητὰ
322 2165 449 2252 μεγέθη
464 2167 605 2253 λέγεται,
626 2164 689 2234 ὅσα
704 2168 795 2235 ἐστὶν
809 2165 964 2248 ἀλλήλοις
978 2168 1163 2256 σύμμετρα,

145 2272 209 2342 ὅσα
233 2273 270 2341 δὲ
294 2270 499 2359 ἀσύμμετρα,
522 2269 628 2357 ἄλογα
653 2274 722 2340 ἐστι
745 2272 790 2360 μή
815 2279 931 2361 ἔχοντα
950 2272 1055 2359 λόγον
1076 2276 1162 2362 πρὸς

143 2379 280 2465 ἄλληλα.

211 2490 241 2553 9.
276 2484 355 2552 Ἐὰν
378 2483 503 2551 κύκλου
526 2488 644 2571 ληφθῇ
667 2509 699 2551 τι
728 2498 867 2571 σημεῖον
890 2486 998 2571 ἐκτός,
1027 2483 1091 2554 ἀπὸ
1120 2488 1158 2554 δὲ

89 2617 125 2667 20
142 2597 203 2661 τοῦ
220 2597 359 2678 σημείου
372 2588 456 2676 πρὸς
468 2589 529 2657 τὸν
543 2589 669 2657 κύκλον
683 2597 934 2678 προσπίπτωσιν
949 2591 1012 2660 θύο
1025 2592 1157 2660 εὐθεῖαι

142 2697 370 2785 ἐφαπτόμεναι
392 2698 455 2763 τοῦ
476 2695 614 2782 κύκλου,
638 2703 709 2764 ἰσαι
731 2697 892 2784 ἀλλήλαις
915 2703 1008 2767 εἰσίν.

208 2806 334 2873 κύκλου
347 2801 412 2889 γὰρ
430 2805 491 2870 τοῦ
511 2808 575 2888 αγβ
594 2800 748 2889 εἰλήφθω
762 2830 794 2871 τι
813 2818 953 2892 σημείου
970 2803 1062 2884 ἐκτὸς
1077 2803 1115 2872 τὸ
1130 2832 1157 2890 ε,

140 2911 196 2978 καὶ
220 2910 285 2978 ἀπὸ
309 2915 372 2978 τοῦ
395 2935 410 2976 ε
433 2905 516 2995 πρὸς
537 2906 599 2976 τὸν
622 2914 687 2994 αγβ
710 2907 835 2977 κύκλου
857 2913 1158 2998 προσπιπτέτωσαν

141 3018 211 3096 δύο,
227 3015 359 3084 εὐθεῖαι
378 3018 415 3082 αἰ
432 3041 480 3100 εα,
496 3019 533 3100 εβ
557 3012 784 3101 ἐφαπτόμεναι
803 3013 909 3084 αὐτοῦ
928 3015 1068 3084 κατὰτὰ
1087 3024 1157 3103 α,β

85 3143 121 3193 25
140 3135 269 3207 σημεῖα.
324 3121 424 3206 λέγω,
463 3118 514 3188 ὅτι
546 3123 583 3188 αἰ
614 3146 667 3205 εα,
690 3127 728 3205 εβ
766 3128 836 3188 ἰσαι
867 3118 1028 3206 ἀλλήλαις
1059 3127 1155 3193 εἰσίν.

139 3226 292 3313 εἰλήφθω
320 3226 358 3294 τὸ
386 3227 528 3312 κέντρον
550 3229 612 3294 τοῦ
634 3227 760 3294 κύκλου
783 3227 840 3294 καὶ
863 3231 945 3293 ἔστω
972 3224 1010 3294 τὸ
1035 3231 1071 3312 ὃ,
1099 3231 1157 3295 καὶ

138 3332 391 3419 ἐπεζεύχθωσαν
407 3335 444 3399 αἰ
456 3336 510 3417 αθ,
527 3335 580 3417 θβ,
594 3337 648 3416 βα.
681 3332 738 3400 καλ
757 3333 827 3400 ἐπεὶ
845 3334 883 3398 αἰ
898 3337 948 3417 βε,
963 3358 1001 3400 εα
1022 3334 1155 3402 εὐθεῖαι

138 3438 324 3523 ἐφάπτουσι
343 3441 404 3506 τοῦ
423 3437 559 3523 κύκλου,
583 3434 705 3506 ἀπὸδὲ
727 3441 788 3506 τοῦ
810 3442 831 3505 θ
853 3439 996 3525 κέντρου
1014 3442 1155 3527 ἐπιζευχ-

209 3639 233 3685 7.
254 3630 337 3688 coisl.
359 3637 409 3685 174
428 3635 494 3700 poet
511 3650 552 3686 nr.
569 3638 593 3690 6.
650 3638 674 3687 θ.
696 3634 716 3688 Β
736 3633 784 3691 fol.
800 3641 829 3689 4¹
846 3652 932 3690 manu
947 3635 1070 3689 Arethao
1085 3613 1169 3702 (ng

135 3701 398 3772 περιφερόγραμμοι
423 3704 524 3772 γωνίαι
545 3707 593 3773 ἤ).
631 3707 806 3774 praecedunt
829 3724 901 3774 quae
925 3706 1018 3776 recepi
1040 3723 1105 3776 app.
1126 3706 1154 3758 ΙΙ

132 3786 174 3826 nr.
195 3778 238 3842 22,
258 3777 413 3843 sequuntur
431 3774 570 3843 quaedam
590 3793 626 3829 m.
646 3792 700 3832 rec.
774 3782 797 3831 9.
818 3778 855 3832 13²
873 3778 922 3833 fol.
943 3783 984 3833 6¹¹.
