2414 4236
90 508 168 562 XXX
376 508 647 563 Paoaseosfflrsa
665 508 816 563 camera

92 650 202 705 numeri
220 651 340 706 maiores
358 649 388 704 in
406 649 460 703 fine
480 649 695 718 quaternionum
712 648 807 705 manui
822 648 930 721 primae
944 647 1069 705 debon

92 729 122 784 in
135 730 184 785 fol.
195 736 259 785 288π
276 728 362 799 primi
381 745 477 783 uersus
496 733 604 798 septem
618 731 649 784 et
665 729 799 784 dimidius
816 729 916 785 eadem
934 744 1030 799 mann,
1053 758 1057 776 ›

92 810 218 878 proxime
228 807 424 864 antecedentia
437 808 505 876 (des.
516 807 555 862 IV
567 827 594 878 p.
604 814 666 877 284,
675 814 709 864 21
724 810 829 878 ΒΑΕ);
848 808 951 864 deinde

93 889 134 945 ita
153 890 257 945 sensim
275 888 306 943 in
325 905 388 944 eam
406 905 519 944 manum
538 887 647 957 transit,
667 904 739 958 quae
757 887 870 959 scripsit
888 888 938 944 iol.
954 893 1042 944 184-
1064 903 1067 932 2

91 971 123 1022 ut
144 970 293 1039 adpareat,
313 968 364 1023 hae
384 967 452 1024 duas
471 967 567 1023 saltim
580 985 636 1023 non
651 966 762 1023 differre
775 967 830 1023 nisi
842 966 963 1024 fortasse
1004 994 1007 1013 τ
1034 998 1062 1012 Ἰιι

93 1052 281 1103 atramentum
300 1047 376 1103 idam
395 1051 445 1105 est.
483 1048 584 1103 deinde
606 1047 636 1102 in
658 1046 707 1104 fol.
727 1053 796 1104 288ιι
817 1049 888 1104 haec
912 1063 1013 1103 manua

93 1133 187 1183 mento
211 1130 343 1183 manente
365 1129 395 1183 in
414 1130 528 1184 tertiam
552 1126 679 1184 ualocem
702 1127 897 1197 cursiuamquc
921 1125 1027 1183 sensim
1051 1159 1052 1168 ι

93 1212 180 1276 tatur,
206 1226 277 1277 quae
300 1210 400 1265 eadem
422 1210 558 1264 maiorem
580 1207 749 1263 scholiorum
772 1210 884 1278 partam
901 1206 1017 1278 scripsit
1032 1210 1057 1277 ('

92 1290 144 1344 hac
164 1307 249 1344 mauu
267 1289 377 1359 reliqua
395 1305 460 1358 pare
480 1288 673 1358 quaternionis
691 1292 706 1343 λ
730 1288 786 1357 (ita
804 1286 834 1342 in
852 1287 901 1343 iol.
920 1293 972 1342 242
991 1287 1047 1359 εἰει

93 1372 145 1433 est)
164 1371 270 1440 scripta
284 1372 334 1425 est.
363 1371 425 1423 tum
444 1369 568 1437 sequitur
586 1384 652 1438 para
666 1367 837 1436 bombycina
849 1365 914 1436 (inc.
924 1366 964 1422 IV
977 1384 1006 1439 p.
1016 1371 1072 1435 888,
1086 1365 1087 1369 ’

92 1444 148 1516 δή).
187 1449 279 1519 prima
298 1450 445 1517 quaternio
464 1448 524 1517 (fol.
542 1451 705 1517 248-280)
723 1446 805 1502 initio
823 1449 853 1501 et
869 1447 899 1501 in
916 1447 972 1503 fine
990 1464 1021 1503 n·
1035 1474 1040 1489 ι
1054 1472 1065 1479 ¹<

92 1532 128 1581 ta
152 1533 182 1584 et
206 1527 337 1584 similiter
356 1531 465 1584 ceterae
485 1531 607 1599 (λβ-λι
627 1529 675 1585 iol.
695 1528 874 1597 aul-ass),
896 1525 946 1582 sed
964 1526 995 1581 in
1012 1526 1054 1599 p'

92 1607 163 1662 folio
183 1607 398 1677 quaternionum
413 1610 456 1680 λβ,
470 1611 510 1678 tp,
526 1610 560 1663 td
577 1610 723 1679 praeterea
737 1623 754 1661 a
768 1625 804 1661 ιιι.
816 1612 830 1661 1
850 1607 983 1678 leguntur

94 1708 117 1753 ι,
136 1708 180 1755 ια,
199 1689 235 1757 ιβ.
272 1688 303 1742 in
327 1686 396 1742 folio
420 1693 472 1744 282
496 1686 628 1742 desinunt
650 1687 842 1758 phaenomena
864 1686 893 1741 in
916 1686 972 1742 fine
996 1704 1036 1742 ιιιι

93 1767 162 1823 haec
183 1767 278 1823 omnia
297 1767 356 1837 (fol.
375 1770 536 1838 248-282)
558 1769 589 1823 in
611 1769 709 1823 charta
732 1765 900 1836 bombycina
921 1766 1002 1822 tenni

93 1851 216 1915 gataque
231 1847 329 1902 eodem
339 1864 424 1901 manu
434 1845 473 1900 V·
488 1848 594 1918 scripta
603 1850 676 1914 sunt,
691 1847 741 1902 sed
752 1845 852 1901 ductus
862 1848 1057 1902 atramentum

94 1928 130 1980 ob
148 1926 284 1981 materiae
300 1925 494 1981 diuersitatem
510 1926 595 1980 aliam
611 1926 732 1996 speciem
747 1942 816 1996 prae
830 1942 860 1980 se
874 1925 977 1983 ferunt.

94 2022 159 2073 pars
178 2005 226 2060 iol.
246 2011 387 2062 288-282
408 2005 536 2076 (scholia)
555 2006 632 2060 aliud
651 2023 738 2075 genua
757 2005 944 2075 bombycinus
962 2004 1074 2060 crossia

93 2102 145 2140 nec
168 2086 329 2155 laeuigatae
353 2090 383 2141 et
407 2089 557 2155 propterea
579 2085 666 2140 alium
691 2085 806 2140 ductum
831 2101 927 2140 manua
947 2085 988 2139 V*
1011 2086 1072 2140 tw

94 2167 242 2234 quaternio
257 2171 289 2224 λς
306 2165 366 2235 (iol.
378 2169 532 2234 aas-290)
550 2181 696 2219 numerum
710 2166 740 2219 in
753 2166 807 2220 fine
821 2165 909 2220 habet
923 2168 952 2220 et
960 2180 1028 2234 prae
1046 2188 1056 2209 ι
1072 2200 1075 2206 »

94 2245 123 2298 in
137 2245 186 2300 fol.
198 2251 258 2314 284,
278 2246 345 2315 quia
358 2247 430 2300 imus
446 2262 542 2316 margo
557 2243 618 2300 folii
628 2251 679 2300 288
695 2245 801 2299 recisus
816 2247 867 2300 est.
896 2243 1094 2312 equaternions

93 2329 125 2391 λζ
147 2326 202 2381 duo
226 2328 337 2381 tantum
361 2326 430 2382 folia
455 2328 572 2380 exstant.
612 2327 786 2382 correcturae
810 2329 876 2380 sunt
899 2328 928 2380 et
950 2323 1079 2394 primae

94 2407 232 2462 secundae
252 2424 360 2474 munus,
380 2407 489 2461 scholia
507 2406 659 2460 multarum
679 2421 820 2472 manuum,
840 2422 958 2473 quarum
974 2404 1045 2459 duae
1057 2410 1095 2458 ⁰⁰²

93 2485 149 2540 dici
169 2486 310 2556 aequales.
1090 2482 1096 2503 ²

166 2565 210 2618 his
230 2564 360 2618 omnibus
378 2565 522 2633 perpensio
542 2581 615 2619 nunc
635 2566 729 2631 credo,
751 2565 842 2618 toturn
862 2564 988 2620 codicem
1008 2562 1096 2620 eodan

95 2643 153 2698 sere
182 2646 307 2713 tempora
336 2644 471 2712 scriptum
495 2660 555 2698 asse
579 2659 629 2698 nec
653 2661 817 2714 repugnem,
848 2643 871 2697 si
896 2642 959 2712 quis
982 2661 1046 2699 eum
1066 2638 1097 2699 ab

95 2724 194 2778 eodem
208 2724 322 2777 homine
337 2722 470 2791 scriptum
486 2738 547 2777 esea
561 2725 726 2791 contendat;
746 2739 991 2791 unamquamquam
1007 2724 1098 2780 ductu

96 2804 258 2871 scripturae,
279 2802 303 2854 ai
322 2801 441 2870 primam
456 2806 485 2856 et
499 2802 627 2857 ultimam
642 2804 751 2873 partem
767 2803 901 2869 conferas,
922 2805 990 2858 satis
1005 2802 1101 2871 munt

95 2887 191 2936 tumen
215 2882 289 2936 ratio
313 2880 460 2950 implicata
484 2883 652 2953 scripturae,
676 2884 851 2952 pergameni,
878 2884 1030 2939 atramenti
1050 2894 1105 2939 acl·

97 2961 181 3014 simul
200 2964 371 3015 mutatorum
392 2962 421 3014 et
438 2979 568 3017 manuum
583 2963 657 3018 inter
671 2980 700 3018 se
716 2965 849 3019 transitus
864 2962 1102 3020 intercertans

96 3039 267 3095 sententiam
287 3040 492 3097 commendant.
530 3042 583 3097 hoo
603 3042 700 3098 saltim
723 3045 846 3111 const-at,
870 3045 962 3098 totum
981 3042 1102 3100 rodina

97 3119 166 3186 iam,
191 3138 253 3174 cum
273 3120 353 3175 Laur.
373 3120 501 3190 XXVIII,
521 3130 537 3176 6
557 3140 591 3177 ex
610 3139 643 3178 eo
665 3122 882 3190 describeretur,
906 3124 993 3179 talem
1012 3122 1105 3191 suisa,

98 3200 208 3267 qualem
236 3216 309 3255 nuno
333 3202 481 3257 habeamus
504 3201 624 3273 (scholia
650 3208 745 3258 tamen
764 3203 921 3258 recentiora
943 3205 973 3258 et
990 3203 1040 3258 fol.
1055 3206 1104 3259 288

98 3282 185 3331 -282
204 3276 234 3331 in
252 3278 331 3335 Laur.
351 3298 406 3337 non
426 3287 502 3348 sunt;
523 3283 627 3337 desinit
646 3283 721 3338 enim
741 3283 769 3337 in
787 3282 990 3352 phoenomenis
1010 3270 1124 3341 eodm*

96 3357 159 3413 loco
168 3358 311 3429 abruptus,
322 3379 376 3430 quo
384 3363 521 3429 Uindob.).
533 3381 620 3433 quare
628 3363 932 3418 nunctotumcodicem
940 3358 1108 3418 saeculam
1121 3354 1124 3365 '

96 3439 203 3506 tribuo;
224 3458 312 3511 neque
326 3444 401 3498 enim
416 3461 514 3497 manus
525 3443 616 3512 prima
625 3441 674 3496 fol.
687 3447 790 3497 1-183
801 3442 837 3496 ad
847 3443 986 3512 posterius
996 3445 1107 3514 tempu

96 3518 195 3573 referri
221 3536 302 3590 posse
330 3523 448 3578 uidetur.
497 3524 554 3576 iam
578 3526 644 3577 ante
669 3538 740 3577 saec.
767 3520 832 3576 XIII
859 3523 1060 3592 bombycinam
1080 3520 1124 3577 in.

97 3600 203 3654 oriente
221 3601 250 3655 in
269 3620 321 3656 usu
339 3603 440 3669 fuisse,
468 3602 544 3671 quod
563 3620 581 3658 a
599 3600 817 3672 palaeographis
837 3601 998 3656 addubitari
1017 3601 1109 3669 uideo,

96 3681 214 3748 adparet
243 3698 276 3737 ex
304 3682 434 3751 catalogo
463 3682 590 3738 codicum
619 3681 785 3738 monasterii
811 3682 954 3736 cuiusdam
979 3682 1111 3739 Raedesti

96 3775 167 3815 saec.
184 3761 221 3814 XI
241 3760 316 3830 apud
335 3759 436 3816 Sathas
455 3780 586 3831 μεσαιων.
603 3765 674 3835 dipl.
693 3761 705 3814 Ι
724 3780 752 3831 p.
762 3767 805 3816 50.
835 3761 884 3816 sad
903 3763 935 3815 ut
953 3761 989 3816 ab
1009 3763 1109 3820 eodem

94 3838 206 3894 homine
226 3843 320 3908 partes
339 3839 465 3896 diuersae
481 3839 602 3911 scriptae
616 3841 707 3897 uideri
721 3844 847 3912 possunt,
866 3841 908 3896 ita
922 3845 1041 3912 constat,
1061 3860 1111 3901 eu
