2414 4236
133 503 175 566 32
392 494 395 498 ’
502 502 702 556 wolmeri
719 497 772 559 ιδ’.

132 642 198 730 άρα
226 642 247 732 ἡ
275 649 337 713 τοῦ
366 646 599 732 δωδεκαέδρου
621 642 800 731 ἐπιφάνεια
826 641 912 731 πρὸς
933 640 996 731 τὴν
1018 645 1080 712 τοῦ
1103 648 1147 712 εἰ-

132 752 319 837 κοσαέδρου
350 750 566 840 ἐπιφάνειαν,
603 747 710 831 οὕτως
744 749 783 819 νδ
820 747 958 837 στερεὸν
990 760 1051 818 τοῦ
1084 754 1146 818 δω-

133 859 316 944 δεκαέδρου
343 862 425 944 πρὸς
452 857 489 927 τὸ
518 856 654 945 στερεὸν
681 861 743 926 τοῦ
771 858 995 944 εἰκοσαέδρου.
1041 855 1087 937 ὡς
1109 857 1147 925 δὲ

133 959 153 1047 ἡ
178 964 355 1050 ἐπιφάνεια
386 970 448 1033 τοῦ
478 965 712 1051 δωδεκαέδρου
743 961 826 1063 πρὸς
855 961 919 1050 τὴν
947 961 1146 1050 ἐπιφάνειαν

99 1073 194 1144 ετοῦ
223 1072 452 1158 εἰκοσαέδρου,
486 1073 622 1158 ἐδείχθη
649 1067 670 1158 ἡ
697 1073 760 1139 τοῦ
781 1056 891 1156 κύβου
912 1067 1039 1157 πλευρὰ
1063 1071 1148 1154 πρὸς

133 1173 194 1260 τὴν
226 1181 289 1244 τοῦ
320 1177 537 1263 εἰκοσαέδρου
568 1174 725 1262 πλευράν.
772 1176 829 1244 καὶ
861 1172 908 1254 ιδς
938 1172 1004 1261 άρα
1036 1171 1056 1261 ἡ
1085 1179 1147 1243 τοῦ

132 1280 241 1366 κύβου
272 1280 400 1370 πλευρά
431 1281 515 1367 πρὸς
546 1280 608 1368 τὴν
638 1285 701 1350 τοῦ
732 1282 950 1368 εἰκοσαέδρου
985 1279 1147 1367 πλευράν,

64 1381 71 1391 ’
133 1385 240 1466 οὕτως
261 1387 299 1456 τὸ
325 1387 460 1475 στερεὸν
483 1391 545 1456 τοῦ
569 1389 803 1475 δωδεκαέδρου
833 1384 918 1475 πρὸς
943 1383 981 1454 τὸ
1010 1384 1147 1473 στερεὸν

132 1497 193 1560 τοῦ
216 1496 441 1580 εἰκοσαέδρου.

82 1627 114 1675 10
191 1597 260 1668 “On
285 1602 339 1687 δέ,
372 1601 432 1669 ἐὰν
462 1599 525 1670 δύο
554 1598 685 1669 εὐθεῖαι
708 1598 814 1688 άκρον
835 1600 892 1668 καί
915 1600 1019 1687 μέσον
1042 1597 1147 1685 λόγου

132 1711 324 1793 τμηθῶσιν,
351 1709 388 1775 έν
410 1706 575 1798 ἀναλογία
598 1707 663 1775 εἰσί
685 1710 725 1795 τῇ
748 1703 966 1795 ὑποκειμένῃ,
995 1707 1146 1792 δείξομεν

132 1832 253 1891 ουτως·

198 1922 373 2004 τετμήσθω
397 1917 461 2005 γὰρ
484 1916 505 2005 ἡ
529 1921 591 2005 μὲν
615 1926 680 1987 ΑΒ
707 1917 814 2003 ἄκρον
836 1918 892 1986 καί
915 1919 1018 2005 μέσον
1041 1915 1146 2003 λόγον

132 2022 276 2091 κατὰτὸ
301 2030 343 2110 Γ,
370 2025 425 2092 καὶ
453 2023 491 2093 τὸ
518 2033 630 2111 μεῖζον
654 2023 757 2112 αὐτῆς
778 2028 889 2112 τμῆμα
917 2030 999 2091 ἔστω
1027 2021 1047 2110 ἡ
1072 2034 1104 2091 Α
1110 2030 1146 2091 Γ.

81 2156 113 2204 15
134 2126 257 2216 ὁμοίως
276 2131 382 2198 δὲκαὶ
401 2128 421 2217 ἡ
437 2139 507 2199 ΔΕ
524 2131 629 2218 άκρον
647 2132 703 2198 καὶ
722 2133 825 2218 μέσον
844 2133 948 2218 λόγον
970 2130 1145 2217 τετμήσθω

132 2235 214 2303 κατὰ
238 2236 275 2304 τὸ
302 2244 344 2321 Ζ,
371 2238 427 2304 καί
454 2236 492 2305 τὸ
521 2245 633 2325 μεῖζον
661 2235 764 2322 αὐτῆς
785 2241 896 2324 τμῆμα
920 2242 1003 2304 ἔστω
1026 2236 1047 2323 ἡ
1071 2246 1145 2305 ΔΖ.

132 2343 229 2428 λέγω,
254 2340 305 2410 ὅτι
329 2341 374 2422 ως
397 2342 457 2430 ὅλη
481 2341 503 2431 ἡ
527 2351 592 2411 ΑΒ
616 2343 699 2431 πρὸς
721 2343 783 2429 τὴν
808 2347 886 2428 ΑΓ,
911 2343 1016 2423 οὕτως
1039 2341 1099 2429 ὅλη
1125 2342 1144 2429 ἡ

132 2456 202 2515 ΑΒ
223 2448 307 2536 πρὸς
328 2449 367 2517 τὸ
390 2456 501 2536 μεῖζον
524 2454 635 2537 τμῆμα
658 2449 720 2534 τὴν
745 2456 819 2516 ΔΖ.

199 2555 268 2622 ἐπεὶ
291 2555 355 2641 γὰρ
378 2555 415 2623 τὸ
441 2555 501 2641 μέν
524 2553 590 2623 ὑπὸ
611 2561 714 2622 ΑΒΓ
732 2563 809 2623 ίσον
832 2557 901 2624 ἐστὶ
919 2559 964 2648 τῷ
983 2555 1048 2624 άπὸ
1069 2564 1144 2641 ΑΓ,

79 2686 113 2734 20
131 2662 169 2728 τὸ
193 2660 230 2726 δέ
253 2657 318 2727 ὑπὸ
339 2669 439 2727 ΑΕΖ
464 2669 540 2729 ἴσον
563 2661 632 2729 έστί
655 2666 700 2752 τῷ
720 2659 785 2729 άπὸ
806 2669 882 2747 ΔΖ,
907 2668 997 2731 ἔστιν
1016 2661 1081 2749 ἄρα
1101 2663 1145 2742 ὡς

131 2765 168 2833 τὸ
193 2762 257 2833 ὑπὸ
282 2772 385 2833 ΑΒΓ
404 2766 487 2852 πρὸς
509 2767 546 2835 τὸ
571 2765 636 2835 άπὸ
662 2773 742 2853 ΑΓ,
769 2766 874 2848 οὕτως
893 2770 930 2837 τὸ
953 2767 1019 2837 ὑπὸ
1044 2777 1144 2836 ΔΕΖ

132 2869 214 2958 πρὸς
236 2871 274 2939 τό
299 2868 363 2940 άπὸ
384 2881 458 2940 ΔΖ.
490 2874 544 2941 καὶ
569 2871 613 2953 ὡς
636 2876 674 2941 τὸ
696 2873 846 2959 τετράκις
868 2873 933 2961 άρα
956 2874 1022 2944 ὑπὸ
1046 2883 1149 2944 ΑΒΓ

131 2981 215 3065 πρὸς
236 2977 275 3047 τὸ
299 2977 364 3047 άπὸ
392 2986 450 3066 τῆς
473 2986 553 3065 ΑΓ,
581 2978 687 3059 οὕτως
708 2979 747 3048 τὸ
777 2981 926 3069 τετράκις
953 2979 1017 3049 ὑπὸ
1043 2991 1144 3049 ΔΕΖ

130 3084 213 3172 πρὸς
236 3085 273 3153 τὸ
298 3083 363 3154 άπὸ
389 3095 463 3154 ΔΖ.
510 3088 565 3153 καί
589 3089 750 3154 συνθέντι
775 3085 819 3168 ὡς
841 3088 878 3156 τδ
907 3087 1056 3176 τετράκις
1078 3087 1144 3156 ὑπὸ

79 3216 114 3265 25
133 3199 236 3260 ΑΒΓ
255 3190 334 3279 μετά
358 3195 419 3259 τοῦ
442 3188 506 3259 ἀπὸ
532 3198 602 3261 ΑΓ
618 3191 700 3280 πρὸς
722 3192 759 3261 τδ
784 3192 849 3262 άπὸ
874 3201 953 3278 ΑΓ,
977 3195 1083 3274 οὕτως
1106 3195 1143 3263 τὸ

131 3298 281 3382 τετράκις
302 3296 369 3365 ὑπὸ
395 3306 495 3365 ΔΒΖ
523 3296 603 3385 μετὰ
632 3303 694 3368 τοῦ
721 3297 789 3368 άττό
815 3309 881 3368 ΔΖ
908 3299 992 3387 πρὸς
1014 3299 1052 3369 τὸ
1077 3299 1142 3369 duo

202 3499 226 3545 2.
248 3488 435 3616 ssmoea'vuuss
454 3508 509 3547 om.
528 3492 641 3549 PBVv.
715 3499 739 3549 δ.
760 3490 894 3566 ἐδείχθη]
915 3489 1005 3556 οὕτως
1024 3491 1142 3565 ἐδείχθη

131 3561 242 3615 PBVv.
298 3560 397 3634 idom.
438 3605 443 3617 .
499 3570 523 3620 8.
539 3562 570 3618 τὸ
586 3561 786 3649 στερεόνΙὴΡ.
841 3563 968 3638 στερεόν]
980 3565 1142 3631 πὶεῦρουΡ.

168 3640 209 3687 10.
230 3629 284 3704 ὅτι]
299 3635 348 3689 καί
359 3632 424 3704 ἑξῆς
434 3628 477 3688 ὅτι
487 3634 549 3704 BV,
564 3636 613 3690 καί
623 3632 657 3689 τά
670 3631 741 3705 ἓξης.
761 3632 805 3690 ὅτι
815 3633 868 3690 Ρτ.
928 3638 974 3709 δέ]
989 3652 1043 3690 om.
1060 3637 1110 3689 BV
1118 3656 1142 3691 v.

168 3712 208 3757 11.
230 3703 300 3758 εἰσίν
319 3705 376 3760 ΡΒ.
443 3712 483 3761 13.
503 3703 570 3778 γάρ]
589 3724 644 3762 om.
662 3706 695 3762 V.
751 3708 813 3779 ΑΒ]
836 3711 885 3761 ΑΒ
905 3702 1009 3762 εὐθεῖα
1027 3707 1050 3759 P
1058 3706 1142 3763 BVv.

168 3782 209 3830 14.
230 3776 278 3829 καί
297 3775 343 3848 τό]
361 3772 392 3832 τδ
413 3776 447 3832 δέ
465 3776 577 3832 PBVv.
641 3776 736 3845 τμῆμα
756 3772 946 3848 αάτῆςΡΒν.
1005 3772 1036 3907 ἡι]
1058 3776 1089 3832 τό
1109 3779 1141 3834 V.

162 3853 203 3898 1ο,
226 3845 274 3918 δέ]
294 3845 330 3919 δὴ
350 3849 382 3904 V.
439 3857 481 3905 16.
500 3849 595 3919 τμῆμα
609 3842 697 3916 αὐτῆς
716 3847 828 3905 PBVv.
885 3855 927 3906 17.
946 3845 995 3922 ὡς]
1031 3848 1143 3914 στίνώς
