2414 4236
226 540 383 593 SCHOLIA
401 541 440 592 IN
457 540 732 593 EIAEMENTORUM
750 541 889 593 LIBRUM
902 543 935 598 X.
1017 539 1084 604 533

137 684 212 750 278.
250 679 345 749 Κατὰ
368 678 404 749 τὸ
429 677 511 749 αὐτό
536 707 566 769 p.
589 684 661 767 122,
681 683 716 765 6]
740 679 795 747 καὶ
819 676 894 767 οὐχ]
912 679 984 750 κατ’
1002 680 1083 750 ἄλλο

70 788 126 855 καὶ
149 786 231 856 ἄλλο
255 801 403 875 σημεῖον.

137 896 211 961 279.
252 897 417 981 Διαφέρει
444 890 485 961 τὰ
509 889 575 961 ἆπό
603 919 633 980 p.
659 896 737 980 122,
762 895 822 976 10]
855 893 893 959 αἱ
913 898 993 977 ΑΓ,
1018 899 1084 960 ΑΒ

70 999 186 1069 ἄνισοί
210 1004 289 1085 εἰσι,
321 999 377 1067 καὶ
406 997 462 1067 διδι
488 996 527 1068 τὸ
556 1002 668 1087 λῆμμα
691 1002 753 1067 τοῦ
776 999 835 1085 μβ’
857 999 913 1064 καὶ
934 1003 997 1068 τοῦ
1019 997 1084 1086 πρὸ

69 1104 173 1174 αὐτοῦ
202 1107 354 1192 διαφέρει
381 1102 422 1174 τὰ
450 1102 516 1172 ἀπὸ
542 1107 611 1173 τῶν
634 1110 714 1190 ΑΓ,
738 1110 799 1173 ΓΒ
826 1107 894 1173 τῶν
923 1103 987 1174 ἀπὸ
1015 1109 1083 1174 τοῖν
1121 1129 1138 1178 ο

70 1222 150 1299 ΑΛ,
174 1220 250 1281 ΑΒ.

415 1303 471 1367 Ad
496 1324 600 1387 prop.
622 1301 740 1367 XLIII.

136 1430 210 1495 280.
244 1423 299 1494 Ἐκ
321 1427 379 1512 τῆς
403 1428 450 1505 εἰς
473 1421 601 1492 ἄτοπον
624 1420 813 1510 ἀπαγωγῆς.

137 1537 210 1602 281.
245 1530 332 1600 Ἐπεὶ
355 1532 392 1601 τὸ
418 1529 501 1599 αὐτὸ
526 1531 740 1617 συμβήσεται,
764 1528 913 1599 δυνατόν
938 1532 1007 1601 ἐστι
1029 1556 1085 1601 πο-

71 1645 231 1727 ρίσασθαι
254 1643 292 1708 τὸ
317 1640 503 1724 δεδομένον
526 1640 585 1723 τῆς
606 1634 797 1723 προτάσεως
820 1634 877 1703 διὰ
896 1637 945 1719 λζ’
970 1640 1031 1706 τοῦ
1050 1639 1085 1707 ι’.
1106 1659 1138 1709 10

136 1749 216 1815 282..
250 1743 422 1833 Φανερόν,
455 1741 508 1812 ὅτι
539 1742 560 1828 ἡ
586 1748 652 1810 ΑΓ
682 1744 722 1830 τῇ
752 1747 819 1809 ΔΒ
851 1739 912 1810 οὐκ
946 1749 1037 1813 ἔστιν
1064 1743 1085 1831 ἡ

70 1850 165 1940 αὐτή,
188 1853 243 1920 καὶ
268 1849 320 1920 ὅτι
342 1849 383 1918 τὰ
407 1855 449 1936 Γ,
475 1858 508 1917 Δ
536 1861 656 1935 σημεῖα
681 1846 743 1915 οὐκ
767 1855 823 1915 ἶσα
846 1849 1007 1938 ἀπέχουσι
1028 1853 1086 1938 τῆς

69 1963 275 2046 διχοτομίας,
303 1960 524 2043 τροεδείχθη,
554 1955 610 2023 καὶ
639 1952 689 2024 ὅτι
714 1958 866 2044 διαφέρει
893 1955 933 2024 τὰ
958 1959 1083 2026 ἐκτῶν

70 2072 145 2150 ΑΓ,
166 2071 226 2133 ΓΒ
248 2066 316 2132 τῶν
341 2063 467 2130 ἐκτῶν
490 2071 572 2148 ΑΔ,
597 2069 673 2132 ΔΒ.

419 2258 476 2323 Ad
500 2280 603 2343 prop.
625 2257 742 2324 XLIV.
1105 2298 1139 2350 15

137 2383 211 2450 283.
246 2379 302 2449 Ἐκ
324 2383 384 2467 τῆς
408 2384 456 2460 εἰς
479 2377 650 2448 ἀδύνατον
674 2377 861 2466 ἀπαγωγῆς.

138 2491 211 2557 284.
250 2495 438 2573 Διαιρεῖται
460 2513 491 2574 p.
517 2490 594 2573 124,
621 2490 676 2572 19]
705 2488 1023 2574 προσυπακουστέον
1046 2487 1084 2557 τὸ

71 2592 230 2681 δηλονότι
253 2599 300 2674 εἰς
322 2608 363 2662 τοι
389 2593 546 2682 ὀνόματα.

137 2704 212 2770 285.
251 2698 321 2769 Οὐκ
344 2705 436 2768 ἔστιν
455 2698 476 2786 ἡ
496 2697 582 2785 αὐτή
605 2726 636 2787 p.
653 2703 726 2785 128,
744 2703 801 2784 21]
826 2698 896 2767 ἐπεὶ
915 2695 976 2767 οὐκ
996 2703 1087 2768 ἔστιν

71 2809 92 2895 ἡ
121 2807 222 2896 αὐτή,
256 2805 330 2875 ἀλλ’
357 2808 468 2892 ἑτέρα,
499 2804 584 2891 ἄλλη
613 2805 669 2872 καὶ
697 2803 782 2891 ἄλλη
807 2806 949 2894 διῃρέθη
977 2811 1024 2887 εἰς
1046 2803 1085 2875 τδι
1104 2831 1139 2881 20

70 2914 220 3002 ὀνόματα
243 2914 299 2981 καὶ
323 2909 385 3000 οὐχ
409 2909 429 2999 ἡ
456 2909 540 2998 αὐτὴ
563 2907 635 2978 κατ’
655 2910 736 2980 ἄλλο
755 2911 811 2979 καὶ
830 2910 912 2980 ἄλλο
936 2925 1086 2999 σημεῖον,

70 3019 133 3089 οὐκ
152 3013 194 3108 ἦν
210 3020 248 3089 δὲ
262 3024 486 3106 προκείμενον
498 3014 537 3086 τὸ
553 3015 660 3103 ἄλλην
679 3018 735 3084 καὶ
749 3017 856 3104 ἄλλην
870 3021 1086 3105 διαιρεθῆναι

70 3131 117 3208 εἰς
139 3126 179 3196 τὰ
204 3124 370 3213 ὀνόματα,
397 3122 482 3192 ἀλλὰ
506 3121 567 3209 τὴν
591 3119 698 3210 αὐτὴν
721 3122 793 3190 κατ’
820 3122 901 3192 ἄλλο
925 3125 980 3192 καὶ
1003 3123 1085 3194 ἄλλο

70 3246 218 3320 σημεῖον.

429 3320 485 3385 Ad
509 3341 614 3405 prop.
636 3318 736 3384 XLV.
1103 3342 1138 3392 25

138 3449 212 3513 286.
246 3442 301 3512 Ἐκ
324 3447 382 3530 τῆς
405 3448 453 3524 εἰς
475 3440 602 3510 ἄτοπον
625 3440 813 3530 ἀπαγωγῆς.

142 3644 204 3695 228.
224 3638 273 3693 νο.
343 3645 402 3694 228.
423 3637 471 3693 V·.
540 3641 600 3692 280.
622 3636 703 3706 BFq.
769 3643 830 3693 281.
849 3636 896 3694 v·.
956 3642 1017 3694 282.
1037 3637 1084 3692 v·.

104 3717 167 3768 288.
188 3711 244 3765 BF.
318 3715 379 3766 284.
398 3708 447 3764 νὴ.
521 3706 746 3779 288.v·q(2).
821 3709 960 3766 288138.

68 3831 283 3840 ——aeu—

145 3895 186 3945 13.
205 3888 273 3959 τῶν]
294 3887 344 3956 τῆς
362 3881 394 3943 V.
470 3892 512 3945 18.
532 3882 699 3962 ἀδύνατοι]
713 3884 748 3945 'm
763 3884 875 3944 m&
