2414 4236
137 477 203 542 212
288 478 447 532 scflom
463 478 502 530 m
520 474 796 529 mmmmm
812 472 989 529 mum

206 622 279 687 147.
308 614 411 707 Ὀρθὴ
434 616 473 687 δὲ
494 613 515 704 ἡ
538 613 607 687 ὑπὸ
631 622 739 687 ΒΑΔ
759 640 791 704 p.
810 618 885 703 108,
902 616 960 699 26]
984 612 1072 683 διότι
1093 618 1152 699 leq

137 725 206 793 ἐστὶ
233 728 273 814 τῇ
296 730 406 793 ΑΔΕ
429 724 486 791 καὶ
513 720 593 793 οὕτε
619 726 740 811 μείζων
766 720 845 793 οὔτε
872 718 1040 807 ἐλάσσων,
1069 714 1152 806 ὀαερ

138 827 281 917 ὤφειλεν
314 835 419 918 ἔχειν,
456 832 489 898 εί
517 834 643 916 κυρίως
674 829 776 898 δυσίν
808 824 931 917 ὀρθαίς
961 832 1032 894 ίσαι
1063 814 1154 912 ἦσαν

137 930 332 1022 άμφότεραι.

102 1079 119 1130 ο
476 1062 534 1127 Ad
557 1082 663 1146 prop.
684 1058 819 1127 XLVII.

208 1186 281 1251 148.
313 1180 369 1249 Ἐν
396 1186 442 1276 τῷ
471 1181 615 1270 σχήματι
641 1184 704 1251 τοῦ
725 1182 779 1269 μζ’
800 1180 1021 1271 θεωρήματος
1047 1184 1153 1269 μέσον

137 1292 199 1378 μίν
223 1293 293 1359 ἐστι
315 1294 497 1377 τρίγωνον,
525 1286 592 1358 ὑπὸ
619 1286 684 1377 τὴν
710 1286 812 1375 βάσιν
840 1287 878 1356 δὲ
900 1292 961 1357 τοῦ
983 1284 1155 1376 τριγώνου

137 1398 205 1466 ἐστι
223 1396 446 1482 τετράγωνον,
469 1395 583 1465 ἐπάνω
602 1392 641 1463 δὲ
657 1397 720 1464 τοῦ
736 1392 906 1482 τριγώνου
923 1390 978 1481 ἐφ’
999 1392 1157 1481 ἑκατέρας

138 1506 285 1591 πλευράς
307 1498 516 1588 τετράγωνα,
544 1496 590 1581 ὥς
617 1494 705 1568 εἶναι
727 1495 766 1567 τὸ
789 1495 874 1568 ὅλον
896 1502 1005 1587 σχῆμα
1027 1500 1065 1567 ἐκ
1086 1524 1157 1587 τρι-

88 1628 119 1679 10
138 1611 253 1697 γώνου
285 1604 361 1687 ἑνὸς
391 1607 448 1675 καὶ
479 1609 584 1692 τριών
618 1603 847 1694 τετραγώνων.
901 1605 1007 1693 φησὶν
1039 1596 1104 1675 οὖν
1135 1600 1156 1675 ὀ

140 1710 353 1804 στοιχειωτὴς
384 1715 421 1782 ἐν
452 1716 492 1801 τῇ
525 1709 685 1800 προτάσει
720 1714 782 1779 τοῦ
814 1712 1036 1798 προκειμόνου
1069 1719 1156 1779 θεω-

140 1821 301 1909 ρήματος,
329 1817 382 1888 ὅτι
408 1816 447 1888 τὸ
475 1816 632 1887 ὑποκάτω
659 1818 721 1886 τοῦ
748 1818 921 1905 τριγώνου
942 1816 1156 1906 τετράγωνον

141 1936 216 1996 ἴσον
240 1924 309 1994 ἐστὶ
333 1936 405 2004 τοῖς
428 1925 505 1993 δυσὶ
529 1920 752 2010 τετραγώνοις
774 1935 845 2002 τοίς
872 1922 984 1992 ἐπάνω
1007 1927 1070 1993 τοῦ
1090 1951 1158 2010 τρι·

140 2031 264 2119 γώνου.
309 2027 555 2099 ὑποτείνουσαν
579 2028 643 2116 γὰρ
666 2027 817 2118 πλευράν
844 2028 881 2098 τὸ
905 2036 1072 2117 τρίγωνον
1094 2028 1157 2117 τὴν

90 2158 122 2207 ιε
140 2136 242 2224 βάσιν
257 2138 356 2223 λέγει,
375 2135 591 2224 περιεχούσας
606 2135 642 2204 δὲ
657 2132 803 2223 πλευράς
816 2134 875 2215 τὰς
889 2136 941 2204 ἐπὶ
955 2140 1014 2223 τῆς
1027 2136 1158 2221 βάσεως

143 2246 320 2331 ἱσταμένας
352 2243 570 2329 ἑκατέρωθεν.
627 2240 723 2331 ἡμεῖς
754 2243 792 2310 δὲ
824 2240 882 2321 τὰς
913 2244 950 2310 ἐν
978 2244 1066 2335 με’σῳ
1095 2248 1158 2311 τοῦ

142 2350 393 2438 διαγράμματος
426 2348 561 2430 εὐθείας
593 2355 811 2437 κατελίπομεν
844 2348 928 2437 πρὸς
957 2349 1066 2436 μόνην
1095 2348 1158 2436 τὴν

142 2457 306 2543 πρότασιν
325 2460 424 2524 τοῦτο
440 2456 693 2542 διαγράψαντες.
727 2453 788 2524 οὐκ
807 2456 860 2524 ἐπὶ
878 2454 1016 2523 πάντων
1034 2456 1071 2525 δὲ
1089 2461 1158 2524 τῶν

142 2562 317 2648 τριγώνων
340 2565 439 2629 τοῦτο
464 2564 605 2629 δύναται
629 2567 795 2648 γίνεσθαι.
833 2560 910 2630 οὔτε
933 2559 998 2647 γὰρ
1017 2562 1158 2630 ἐπὶτῶν

90 2687 123 2735 20
143 2665 338 2753 ὀξυγωνίων
357 2664 433 2734 οὔτε
449 2667 501 2734 ἐπὶ
520 2670 588 2734 τών
608 2665 865 2753 άμβλυγωνίων,
884 2665 957 2735 ἀλλ’
975 2668 1027 2736 ἐπὶ
1042 2668 1159 2754 μόνων

143 2775 211 2840 τών
239 2770 470 2859 ὀρθογωνίων.
517 2773 586 2840 ἐπεὶ
612 2771 649 2839 δὲ
671 2771 711 2839 τὰ
736 2771 933 2860 ὀρθογώνια
957 2769 977 2858 ἢ
1003 2778 1158 2861 ι’σοσκελῆ

144 2882 230 2947 εἰσιν
258 2874 278 2966 ἢ
308 2877 474 2963 σκαληνά,
502 2876 673 2946 ἀδύνατον
700 2882 801 2946 τοῦτο
829 2884 986 2964 γίνεσθαι
1015 2881 1159 2949 ἐπὶτῶν

145 2989 327 3054 ι’σοσκελών
364 2983 420 3052 διὰ
457 3011 494 3052 το
532 2982 595 3069 τὴν
631 2984 732 3070 βάσιν
769 2984 930 3054 ἐλάττονα
968 2991 1054 3073 ἔχειν
1090 2991 1159 3055 τών

144 3099 315 3178 πλευρῶν,
347 3092 445 3157 τοῦτο
479 3088 517 3157 δὲ
549 3087 587 3158 τὸ
621 3087 789 3159 άνάπαλιν
823 3098 930 3178 ζητεῖν
962 3091 1024 3178 τὴν
1057 3093 1160 3178 βάσιν

93 3217 126 3265 25
146 3202 279 3283 μείζονα
302 3191 390 3262 εἶναι
414 3195 572 3283 ἑκατέρου
594 3201 663 3266 τών
687 3201 823 3266 σκελῶν.
869 3194 999 3285 άυάγκη
1028 3191 1093 3268 οὖν
1121 3197 1158 3268 τὸ

147 3306 302 3370 τοιοῦτον
317 3302 424 3387 σχῆμα
444 3301 496 3369 ἐπὶ
515 3302 631 3387 μόνων
649 3307 718 3371 τῶν
733 3311 911 3390 σκαληνῶν
926 3310 1159 3373 συνίστασθαι.

145 3405 417 3489 καθολικώτερον
441 3406 478 3475 δὲ
501 3410 577 3494 περὶ
599 3409 722 3478 τούτου
739 3414 802 3477 τοῦ
821 3409 987 3498 σχήματος
1006 3414 1042 3479 ἐν
1060 3417 1106 3504 τῷ
1127 3410 1160 3484 ς’

147 3517 265 3601 βιβλίῳ
289 3512 520 3599 διαλαμβάνει,
544 3513 588 3595 ὡς
611 3518 714 3583 ἐκεῖσε
737 3515 914 3602 γενόμενοι
937 3517 1108 3605 εἰσόμεθα.

202 3632 280 3724 ἰιι
299 3688 326 3741 p.
401 3677 459 3728 ιω.
479 3672 599 3744 περ.

66 3778 142 3983 Ἰ.
219 3819 263 3869 20.
282 3807 433 3884 ὀξυγώνιον
451 3815 485 3871 V.
557 3811 750 3890 άμβλυγώνων
770 3816 803 3873 V.
