2414 4236
225 505 383 559 scnom
399 505 441 557 m
456 503 732 557 ωοωοωνοιαιιι
749 505 889 558 ρετινυιτ
901 507 924 561 1.
1014 502 1075 568 169

58 644 234 733 ὑπάρχεινι
279 649 364 713 ἔστω
386 642 451 732 γάρ
475 639 594 713 εὑθεῖα
620 642 641 731 ἡ
665 652 731 713 AB
759 645 888 714 ἑστῶσα
910 643 999 732 ὀρθὴ
1023 646 1077 714 ἐπὶ

59 751 126 838 τὴν
148 758 211 820 ΓΔ
233 748 389 836 εὑθεῖαν,
416 755 539 837 μείζων
562 749 600 818 δὲ
622 761 681 836 τῆς
703 755 770 818 ΒΓ
792 748 813 837 ἡ
837 758 919 840 ΒΔ,
946 753 1001 819 καὶ
1025 754 1041 820 ἐ
1064 791 1077 802 ·

60 856 276 944 εζεόηθωσαν
290 859 329 924 αί
340 862 417 941 ΑΓ,
426 863 506 923 ΛΔ.
530 854 658 925 οὐκοῦν
671 871 742 936 τοῖς
755 855 932 945 τριγώνοις
945 857 1077 937 τούτοις

60 969 122 1051 μία
144 961 206 1049 μὲν
227 960 326 1048 κοινὴ
349 969 477 1048 πλευρα
500 962 556 1030 καλ
578 968 638 1049 μία
660 967 767 1047 γωνία
791 973 850 1050 μιᾷ
875 971 945 1050 ίση,
974 962 1014 1031 τά
1039 963 1076 1032 δὲ

58 1067 147 1137 ἄλλα
165 1066 276 1137 άνισα.
313 1072 394 1154 μίαν
419 1065 456 1135 δέ
477 1065 627 1153 πλευράν
650 1070 705 1136 καλ
730 1067 793 1135 δύο
817 1076 942 1154 γωνίας
960 1075 1076 1154 λαβεῖν
1112 1095 1129 1143 5

58 1179 139 1262 ἐξῆν
163 1175 220 1243 ιιαλ
249 1176 355 1255 δεῖξαι
381 1176 423 1241 τὰ
449 1172 550 1242 λοιπά
578 1182 650 1260 ἴσα,
682 1175 737 1241 καὶ
765 1178 866 1242 τοῦτο
899 1189 989 1243 ποιεῖ
1019 1173 1075 1242 διά

56 1285 162 1351 τοῦδε
189 1285 252 1350 τοῦ
279 1279 508 1368 θεωρήματος.
554 1285 635 1366 μίαν
666 1281 704 1348 δὲ
731 1280 880 1369 πλευρὰν
907 1282 962 1349 ιιαλ
990 1294 1078 1368 τρεῖς

57 1392 188 1474 γωνίας
210 1394 286 1467 λσας
308 1392 356 1455 ἔτι
378 1383 606 1454 ὑποτίθεσθαι
628 1386 795 1472 περιττόν,
819 1394 910 1471 εἴπερ
933 1389 988 1455 καὶ
1013 1387 1076 1456 δύο

57 1492 181 1579 μόνων
208 1500 293 1562 λσων
321 1490 435 1562 οὐσῶν
464 1494 629 1561 δέδεικται
657 1493 679 1578 ἡ
707 1497 777 1561 τῶν
804 1498 932 1561 λοιπῶν
955 1494 1077 1580 ίσότης.

58 1597 170 1666 πάλιν
195 1604 275 1685 μίαν
300 1604 431 1685 γωνίαν
458 1599 513 1666 καὶ
542 1597 606 1666 δύο
637 1605 782 1686 πλευρας
809 1597 923 1683 λαβὼν
952 1601 1076 1681 ἔδειξεν
1097 1625 1131 1673 ιο

56 1702 171 1773 τᾶλλα
194 1712 249 1773 λσα
271 1707 308 1773 έν
325 1707 372 1797 τῷ
390 1703 534 1795 τετάρτῳ
554 1703 757 1793 θεωρήματι.
793 1710 873 1791 μίοιν
892 1704 930 1773 δὲ
948 1711 1077 1791 γωνίαν

57 1811 119 1879 καλ
142 1824 230 1898 τρεῖς
250 1812 396 1898 πλευράς
419 1818 493 1890 ίσας
516 1815 632 1895 λαβεῖν
655 1818 832 1899 περίεργον
856 1803 914 1898 ἦν·
937 1812 1077 1899 καὶγὰρ

59 1919 101 1984 αλ
128 1916 193 1984 δύο
221 1914 330 2003 μόνον
359 1923 429 1982 ῖσαι
457 1923 641 2002 ληφθεῖσαι
669 1923 819 2003 συνῆγον
846 1916 908 2004 τὴν
941 1917 1077 2004 ίσότητα

58 2026 135 2092 τῶν
149 2020 268 2091 ἄλλων.
295 2020 435 2108 καὶμὴν
450 2022 505 2090 καλ
519 2021 556 2091 τό
572 2023 632 2091 δόο
647 2022 791 2110 πλευρὰς
805 2025 860 2091 καλ
875 2023 938 2092 δύο
952 2029 1078 2110 γωνίας

62 2138 144 2209 ι’σας
165 2130 347 2215 λαμβάνειν
369 2123 392 2213 ἢ
417 2127 481 2197 δόο
504 2127 649 2215 πλευράς
671 2130 726 2196 ιιαλ
750 2142 838 2213 τρεῖς
861 2136 986 2214 γωνίας
1004 2139 1078 2211 ίσας
1098 2155 1131 2205 15

58 2232 85 2323 ἢ
111 2233 176 2303 δάο
197 2239 324 2321 γωνίας
342 2233 399 2300 καλ
416 2248 505 2321 τρεῖς
523 2238 669 2321 πλευρὰς
686 2234 795 2301 πάντα
813 2238 916 2302 ταῦτα
934 2234 1077 2318 περιττά.

56 2341 102 2411 τά
137 2339 203 2428 γάρ
233 2354 307 2420 ταῖς
337 2338 510 2408 ἐλάττοσιν
537 2338 743 2409 ὑποθέσεσιν
771 2339 917 2425 ἑπόμενα
946 2341 1079 2419 πάντως

58 2446 250 2516 ἀκολουθεῖ
270 2445 328 2513 καὶ
350 2459 423 2525 ταῖς
445 2451 573 2514 πλείοσι
598 2446 707 2532 μόνον
729 2444 811 2532 μετά
839 2450 907 2513 τῶν
931 2445 1078 2514 δεόντων

57 2551 333 2640 προσδιορισμὸν
356 2555 621 2638 λαμβανομένων
649 2557 718 2620 των
740 2549 946 2620 ὑποθέσεων.
991 2566 1080 2637 τρεῖς

57 2650 128 2729 οὑν
151 2655 233 2745 ἡμῖν
255 2656 476 2744 ἀνεφάνησαν
498 2655 678 2736 ὑποθέσεις
701 2655 900 2739 ἀποδείξεως
923 2658 1078 2745 δεόμεναι
1098 2684 1134 2732 20

55 2764 82 2854 ἦ
110 2790 148 2834 τε
175 2763 282 2851 μόνας
309 2763 529 2851 λαμβάνουσα
555 2762 616 2842 τάς
642 2777 730 2850 τρεῖς
758 2765 903 2851 πλευράς
932 2766 988 2837 aaz
1016 2764 1078 2851 τὴν

57 2877 146 2960 μίαν
169 2875 298 2956 γωνίαν
321 2870 377 2938 καὶ
399 2866 421 2956 ἡ
440 2866 617 2948 άντίθετος
634 2869 717 2956 πρὸς
734 2869 859 2956 ταύτην
877 2868 898 2956 ἡ
916 2874 979 2958 τὴν
998 2877 1079 2957 μίαν

55 2986 215 3060 πλευραν
240 2977 297 3044 ιιαλ
323 2974 381 3056 τάς
409 2976 472 3044 δύο
504 2980 646 3060 γωνίας,
677 2971 721 3060 ἣν
748 2978 814 3042 νῦν
843 2972 861 3041 ό
892 2977 1079 3063 γεωμέτρης

56 3087 299 3170 προστίθησιν.
347 3082 404 3149 καλ
432 3084 488 3148 δια
516 3083 616 3148 τοῦτο
643 3083 748 3146 ταῦτα
774 3083 850 3165 τρία
877 3080 965 3166 μόνα
993 3090 1079 3149 θεω-

58 3187 196 3277 ρήματα
223 3187 299 3272 περλ
327 3191 386 3273 τῆς
414 3184 567 3273 ἰσότητος
589 3189 658 3253 τῶν
680 3184 855 3271 τριγώνων
880 3191 998 3273 ἔχομεν
1021 3197 1080 3272 τῆς
1098 3211 1133 3261 εσ

59 3297 99 3365 ἐν
124 3306 197 3372 ταῖς
218 3300 377 3380 πλευραῖς
398 3292 455 3359 καλ
477 3305 548 3371 ταῖς
570 3296 710 3377 γωνίαις
736 3295 804 3358 τῶν
828 3288 940 3359 ἄλλων
963 3296 1079 3360 πασῶν

57 3397 264 3469 ὑποθέσεων
286 3393 307 3484 ἢ
332 3394 511 3465 άδννάτων
536 3395 648 3465 οόσοῖν
677 3397 782 3478 δεῖξαι
809 3395 847 3465 τὸ
876 3397 1080 3484 ζητούμενον

58 3502 82 3594 ἦ
107 3509 268 3575 δυνατῶν
290 3504 353 3591 μὲν
376 3500 461 3570 άλλδι
484 3513 647 3590 περιττῶν
666 3507 711 3594 τῷ
733 3501 778 3570 δι’
795 3501 981 3572 ἐλαττόνων
1000 3527 1079 3572 υπο-

59 3614 197 3683 θέσεων
211 3636 252 3678 τα
268 3607 352 3677 αὐτὰ
367 3611 529 3697 πέφηναν.
564 3607 674 3697 ὥσπερ
694 3601 769 3695 οὑν,
789 3608 844 3679 ὅτε
859 3609 922 3679 δύο
936 3610 1080 3698 πλευρὰς

132 3850 160 3899 4.
179 3839 217 3897 τά
237 3838 271 3897 δλ
291 3834 372 3909 ἄλλα]
391 3837 442 3903 τάς
460 3836 491 3895 δλ
511 3835 597 3903 άλλως
614 3840 644 3896 Ρ.
