2414 4236
158 471 223 537 130
309 475 466 527 scflomA
484 476 524 527 IN
541 476 816 531 ammom
833 478 1010 533 LIBRUM.

517 636 573 702 Ad
596 659 701 724 prop.
722 636 814 705 VIII.

222 760 275 826 43.
294 755 395 844 Ὅπερ
410 762 475 845 ἔχει
493 756 788 846 κατηγορούμενον
805 757 845 829 τὸ
862 758 897 828 δ’
911 762 1085 850 θεώρημα,
1102 766 1174 851 ἔχει

155 862 193 931 τὸ
217 864 252 950 η’
271 861 503 951 ὑποκείμενον,
525 864 581 932 καί
604 862 686 952 ὅπερ
708 866 747 934 τδ
767 864 800 932 δ’
818 861 1053 955 ὑποκείμενον,
1075 865 1114 938 τδ
1133 867 1174 957 η’

153 970 455 1057 κατηγορούμενον.

118 1100 135 1149 5
220 1080 272 1144 44.
318 1075 362 1144 Τὸ
396 1075 521 1163 ὄγδοον
553 1076 714 1164 θεώρημα
741 1079 968 1166 ἀντίστροφον
999 1080 1062 1166 μέν
1098 1082 1172 1151 έστι

152 1192 213 1250 τοῦ
230 1182 402 1268 τετάρτου,
421 1181 463 1251 ού
476 1182 559 1250 κατά
578 1182 641 1270 τὴν
658 1185 917 1272 προηγουμένην
935 1182 1171 1274 ἀντιστροφὴν

152 1290 300 1375 ληφθέν·
334 1285 375 1358 ού
398 1288 463 1376 γάρ
487 1287 570 1376 ὅλην
592 1291 656 1377 την
677 1287 846 1360 ὑπόθεσιν
868 1294 1001 1361 ἐκείνου
1023 1304 1169 1362 ποιεῖται

152 1397 371 1481 συμπέρασμα
392 1396 448 1463 καί
472 1393 554 1465 ὅλον
576 1394 613 1464 τὸ
637 1397 857 1484 συμπέρασμα
875 1394 1056 1467 ὑπόδεσιν·
1079 1396 1168 1469 ἀλλά

150 1499 188 1569 τδ
212 1501 273 1588 μὲν
292 1504 350 1586 τῆς
367 1498 561 1582 ὑποθέσεως
578 1505 639 1571 τοῦ
656 1503 824 1589 τετάρτου,
846 1528 885 1572 το
905 1502 944 1571 δέ
961 1507 1032 1573 τοῖν
1048 1506 1168 1596 έκείνφ

99 1627 132 1676 10
152 1609 363 1693 ζητουμένων
387 1609 576 1695 σνμπλέκον
599 1611 772 1676 δείκνυσιν
794 1609 832 1676 έν
849 1634 881 1676 τι
899 1612 968 1677 τῶν
986 1611 1056 1678 έκεί
1071 1612 1168 1679 δεδο-

150 1715 270 1799 μένων.
314 1711 353 1780 τὸ
377 1713 439 1800 μὲν
462 1714 526 1800 γάρ
549 1712 608 1793 τάς
631 1712 694 1782 δύο
717 1712 864 1801 πλευρὰς
885 1721 960 1795 ίσας
982 1711 1070 1783 εἶναι
1091 1728 1167 1797 ταῖς

150 1822 212 1886 δύο
230 1827 389 1903 πλευραῖς
406 1817 569 1899 ὑπόθεσίς
586 1822 677 1888 ἐστιν
696 1821 734 1888 έν
751 1818 966 1908 ἀμφοτέραις,
984 1818 1023 1888 τδ
1042 1819 1082 1888 δὲ
1099 1820 1166 1909 τὴν

149 1923 251 2010 βάσιν
279 1932 357 2011 ίσην
384 1935 425 2013 τῇ
453 1922 549 2011 βάσει
572 1927 609 1993 έν
634 1926 750 2016 ἐκείνω
773 1924 836 2013 μέν
858 1928 927 1993 τῶν
951 1926 1165 2013 ζητουμένων

148 2022 203 2116 ἦν,
227 2032 264 2097 έν
289 2029 326 2097 δὲ
348 2030 456 2121 τούτῳ
481 2032 623 2098 δέδοται.
659 2029 698 2099 τὸ
723 2031 760 2099 δέ
783 2030 845 2117 τὴν
868 2036 996 2118 γωνίαν
1020 2040 1098 2118 ίσην
1122 2038 1163 2123 τῇ

96 2156 129 2204 15
148 2142 255 2225 γωνίᾳ
283 2140 468 2223 δεδομένον
496 2135 564 2223 μένΙ
591 2139 627 2205 έν
661 2138 793 2228 ἐκείνῳ,
828 2138 1031 2223 ζητούμενον
1060 2137 1098 2205 δέ
1125 2142 1163 2208 έν

146 2242 262 2335 τούτῳ.
303 2242 411 2330 μόνον
435 2242 472 2310 δέ
495 2240 515 2329 ἡ
541 2242 706 2329 έναίίαγὴ
730 2247 797 2311 των
822 2244 1013 2329 δεδομένων
1034 2245 1090 2310 καὶ
1111 2251 1128 2327 ζ
1152 2286 1163 2297 -

146 2352 319 2437 τουμέυωυ
346 2363 437 2418 ποιεῖ
461 2348 523 2437 τὴν
552 2348 790 2436 άντιστροφήν.
839 2347 885 2416 δι’
910 2346 953 2435 ἣν
983 2349 1020 2416 δέ
1048 2355 1162 2419 αίτίαν

146 2455 271 2543 ὄγδοον
298 2459 448 2524 τέτακται
475 2457 530 2523 καὶ
560 2454 602 2523 ού
629 2455 709 2542 μετά
737 2453 775 2522 τδ
803 2457 961 2539 τέταρτον
984 2452 1090 2536 εὐθὺς
1115 2455 1163 2539 ὥς

145 2559 385 2648 ἀντίστροφον,
415 2560 569 2647 καθάπερ
598 2560 640 2647 δη
664 2560 743 2647 μετά
768 2558 805 2628 τὸ
829 2562 977 2646 πέμπτον
999 2561 1037 2628 τὸ
1062 2563 1161 2632 ἕκτον

91 2687 126 2736 20
145 2666 372 2753 ἀντίστροφον
396 2663 436 2734 ὂν
454 2671 516 2734 τοῦ
534 2668 697 2753 πέμπτου·
720 2668 774 2734 καὶ
793 2666 858 2753 γὰρ
876 2666 916 2734 τά
935 2676 1072 2735 πλείστα
1089 2674 1161 2738 τῶν

145 2770 436 2859 ἀντιστρεφόντων
474 2775 584 2840 ἕπεται
616 2786 687 2851 τοῖς
717 2774 986 2859 προηγουμένοις
1016 2773 1071 2840 καί
1104 2774 1158 2843 ἐπ’

145 2878 259 2960 αὐτοῖς
276 2877 405 2967 ἀμέσως
420 2883 600 2946 δείκνυται·
623 2881 769 2961 λεκτέον,
790 2879 841 2947 ὅτι
856 2883 918 2946 τοῦ
932 2877 993 2965 μέν
1008 2878 1160 2967 ἑβδόμου

143 2984 181 3053 τὸ
207 2984 331 3073 ὄγδοον
351 2988 470 3054 ἐδεῖτο·
497 2988 665 3052 δείκνυται
683 2983 748 3070 γάρ
769 2982 824 3050 διά
843 2987 901 3069 της
920 2988 967 3063 είς
986 2982 1158 3056 ἀδύνατον

144 3091 334 3178 ἀπαγωγῆς·
360 3095 458 3159 τοῦτο
479 3087 510 3157 δ’
529 3082 572 3158 αὖ
591 3090 692 3157 πάλιν
712 3094 758 3168 είς
775 3085 838 3173 τὴν
857 3085 1029 3170 ἀπόδειξιν
1048 3094 1158 3163 ἐδεῖτο

89 3218 124 3268 25
142 3209 203 3265 τοῦ
222 3201 378 3284 πέμπτου.
416 3203 631 3282 προείληπται
650 3201 767 3263 τοίνυν
787 3195 975 3280 ἀναγκαίως
993 3198 1048 3264 καὶ
1067 3197 1106 3266 τὸ
1128 3199 1157 3269 ε’

141 3305 196 3371 καὶ
219 3303 256 3371 τὸ
278 3303 309 3374 ς’
333 3304 388 3370 καὶ
407 3301 444 3369 τὸ
465 3301 492 3383 ζ’
511 3313 572 3369 τοῦ
591 3303 812 3388 δεικνυμένου
831 3301 908 3367 νυνὶ
927 3301 1157 3389 θεωρήματος.

141 3426 255 3516 ffl43.
275 3424 334 3516 ινδ.
408 3466 451 3516 44.
470 3459 499 3516 P.

212 3612 237 3658 ⁸2.
256 3599 339 3675 ὅπερ]
359 3598 427 3670 ὅπερ
446 3601 499 3673 γάρ
520 3622 555 3657 m.
629 3598 891 3672 κατηγορούμενον]
911 3620 963 3656 om.
983 3619 1021 3657 m.
1058 3602 1089 3656 In
1110 3603 1157 3658 vf

140 3693 190 3747 pro
212 3679 264 3729 hoc
284 3676 403 3730 scholio:
428 3692 470 3743 οη.
492 3671 535 3728 ὅτι
558 3670 589 3759 a}
614 3668 644 3727 ἒν
668 3674 704 3746 τῷ
723 3669 752 3727 δ’
773 3671 944 3795 ζητούμενον
968 3664 1022 3759 ᾦδε
1048 3670 1154 3759 άμοάρ.

139 3748 272 3817 γημένον.
353 3752 392 3800 19.
412 3746 486 3800 Ante
505 3748 641 3813 καθαπερ
660 3760 730 3799 eras.
745 3743 853 3798 uocabu
867 3762 913 3798 um
935 3743 955 3796 P
973 3747 1154 3815 (ειποιμενῖ).

175 3825 218 3874 23.
237 3818 392 3889 δείκνυται]
413 3812 559 3872 δεικνύναι
577 3815 608 3870 P.
