2414 4236
136 501 201 565 140
286 502 443 555 scnom
460 504 500 555 m
517 502 793 555 ammom
807 502 983 557 mm

135 641 185 711 ἐπ’
212 642 315 729 αὐτῆς
343 652 514 712 σταθεῖσα.
564 647 738 712 δείκνυσιν
765 634 831 712 οὐν
856 652 958 711 τοῦτο
983 638 1155 729 καθόλου,

135 747 186 817 ὀτι
214 753 304 818 πᾶσα
331 747 449 819 εὐθεῖα
477 749 528 818 ἐπ’
557 748 694 831 εὐθείας
725 758 888 819 σταθεῖσα
915 748 974 817 καὶ
1003 750 1156 819 ποιοῦσα

135 861 271 942 γωνίας,
292 855 351 924 ἐὰν
365 854 605 944 άπαρέγιιλιτος
618 853 756 943 αὐτῆςὴ
770 854 886 936 στάσις
897 847 920 945 ᾖ
933 854 990 923 ml
1004 850 1156 943 άρρεσὴς

136 960 190 1047 ἐφ’
208 962 354 1049 ἑκάτερα,
374 963 437 1032 δάο
457 962 566 1051 ὀρθάς
582 976 681 1049 ποιεῖ,
698 967 731 1032 εί
747 961 786 1032 δὲ
801 966 843 1052 τῇ
861 961 925 1049 μὲν
938 964 1156 1047 mmm,

101 1072 175 1154 ςτῇ
200 1068 237 1135 δὲ
259 1071 362 1138 πλίον
384 1066 568 1155 ἀφεστήκοι
589 1072 649 1155 τῆς
669 1067 890 1156 ὑποκειμένης
910 1065 1067 1155 εὐθείας,
1090 1069 1155 1137 δύο

136 1170 257 1259 ὀρθαῖς
280 1185 363 1255 ίσας.
406 1173 487 1243 ὅσον
510 1172 575 1262 γάρ
598 1173 740 1263 ἀφαιρεῖ
758 1180 818 1262 τῆς
838 1184 916 1264 μιᾶς
938 1171 1049 1263 ὀρθῆς
1070 1170 1156 1243 aad

135 1280 197 1366 τὴν
220 1282 273 1349 ἐπὶ
296 1283 425 1368 θάτερα
442 1289 565 1367 κλίσιν,
587 1286 752 1352 τοσοῦτον
770 1288 974 1372 προστίθησι
990 1282 1033 1369 τῇ
1051 1282 1155 1369 λοιπῇ

135 1384 217 1454 κατὰ
240 1384 303 1473 τὴν
325 1385 520 1456 ἀπόστασιν.

204 1490 266 1561 οὐκ
288 1490 359 1561 εἷπε
382 1493 419 1561 δὲ
442 1491 556 1572 ἁπλοῖς
574 1492 639 1562 δύο
663 1490 772 1579 ὀρθὰς
792 1508 884 1562 ποιεῖ
903 1488 925 1580 ἢ
946 1491 1012 1561 δύο
1030 1492 1156 1579 ὀρθαῖς

85 1627 118 1676 ιο
137 1607 222 1682 ίσας,
246 1596 319 1666 ἀλλ’
336 1598 404 1667 ἐὰν
422 1607 547 1686 γωνίας
564 1603 658 1688 ποιῇ·
685 1596 787 1686 ἡγὰρ
801 1596 852 1668 ἐπ’
868 1597 973 1685 άιιρας
990 1608 1156 1669 σταθεῖσα

136 1715 195 1790 τῆς
218 1701 353 1784 εὐθείας
375 1710 456 1791 μίαν
479 1720 570 1775 ποιεῖ
588 1710 730 1792 γωνίαν,
751 1706 808 1773 οιαὶ
830 1702 1004 1773 άδύνατον
1025 1706 1156 1793 ταύτην

138 1810 201 1878 δύο
226 1808 346 1894 ὀρθαῖς
369 1819 448 1896 ίσην
471 1809 571 1879 εἶναι·
594 1816 685 1881 πᾶσα
703 1810 768 1900 γάρ
785 1810 1029 1899 εὐθύγραμμος
1045 1818 1157 1898 γωνία

138 1915 201 1981 δύο
222 1912 338 1999 ὀρθῶν
357 1914 509 1985 ἐλάσσων
528 1918 608 2000 ἐστί,
626 1918 738 2004 ὥσπερ
751 1921 842 1986 πᾶσα
856 1916 973 2003 στερεὰ
985 1916 1157 2003 τεττάρων

138 2019 229 2087 ἐστὶν
240 2020 399 2089 ἐλάσσων.
419 2021 479 2090 ἐὰν
492 2022 555 2108 τὴν
570 2021 785 2111 άμβλυτάτην
799 2022 863 2111 γάρ
879 2026 1050 2091 δοκοῦσαν
1068 2022 1157 2092 εἶναι

88 2153 120 2203 15
139 2125 255 2214 λάβῃς,
279 2125 433 2214 αὐξήσεις
455 2130 511 2196 καὶ
534 2130 660 2216 ταύτην
683 2128 729 2209 ὡς
752 2129 845 2198 οὔπω
868 2128 907 2198 τὸ
930 2131 1052 2217 μέτρον
1077 2128 1156 2198 άιιο-

138 2237 312 2318 λαβοῦσαν
326 2238 394 2303 τῶν
409 2238 471 2304 δύο
492 2234 617 2322 ὀρθῶν.
651 2240 704 2304 δεῖ
715 2243 833 2304 τοίνυν
851 2234 959 2316 οὕτως
972 2235 1156 2322 ἐφεστάναι

137 2338 199 2425 τὴν
223 2338 373 2423 εὐθεῖαν,
398 2341 481 2411 ὥστε
504 2349 629 2428 γωνίας
651 2356 769 2410 ποιεῖν.

207 2451 329 2533 ἰστέον,
353 2448 403 2516 ὅτι
428 2450 564 2536 ἑκατέρα
587 2451 609 2536 ἦ
631 2476 666 2518 τε
690 2447 828 2536 ἀμβλεῖα
852 2449 907 2516 καὶ
931 2446 951 2534 ἡ
971 2444 1064 2530 ὀξεῖα
1084 2453 1156 2539 ἰδίᾳ

138 2553 194 2619 καὶ
218 2555 318 2639 χωρὶς
340 2553 540 2641 ἀφίστανται
558 2560 616 2641 τῆς
634 2553 717 2642 πρὸς
734 2555 797 2642 τὴν
817 2554 927 2641 ὀρθὴν
947 2551 1155 2642 ὁμοιότητος,

86 2684 120 2733 20
139 2656 324 2744 ἀμφότεραι
339 2659 376 2726 δὲ
395 2658 476 2727 κατά
496 2667 577 2745 μίαν
596 2663 719 2729 ἕνωσιν
738 2661 912 2748 γινόμεναι
927 2660 1155 2746 ἐπανάγονται

139 2764 224 2846 πρὸς
243 2767 301 2832 τὸν
321 2765 405 2849 ὅρον
423 2766 484 2833 τὸν
504 2770 639 2852 ἐκείνης.
672 2766 785 2854 ἐπειδὴ
805 2768 843 2836 δὲ
860 2766 943 2852 πρὸς
965 2766 1028 2851 τὴν
1051 2764 1156 2836 άπλό-

139 2895 220 2955 τητα
247 2875 306 2955 τῆς
333 2868 441 2957 ὀρθῆς
473 2869 702 2941 ἀδυνατοῦσιν
736 2876 946 2956 ἐξισοῦσθαι,
980 2876 1156 2941 διπλασια-

141 2976 277 3062 ζομένης
300 2973 402 3063 αὐτῆς
424 2980 487 3063 τὴν
511 2978 646 3063 ἰσότητα
670 2981 832 3066 δέχονται.
868 2979 962 3064 φέρει
982 2977 1020 3046 δὲ
1038 2980 1156 3048 είκόνα

139 3089 356 3169 προθεωρίαν
369 3082 407 3150 τὸ
422 3082 583 3169 θεώρημα
598 3088 697 3151 τοῦτο
711 3089 780 3153 τῶν
793 3088 1022 3172 πρωτουργῶν
1036 3090 1156 3152 αἰτίων

86 3212 121 3261 25
139 3185 218 3255 καθ’
245 3190 304 3255 ἕνα
336 3187 419 3275 ὀρον
452 3189 603 3257 ἑστώτων
636 3190 688 3257 άεὶ
719 3191 776 3256 καὶ
804 3188 961 3269 ὡσαύτως
988 3191 1064 3278 περὶ
1093 3190 1156 3278 τὴν

140 3293 295 3382 ἀπειρίαν
319 3299 377 3380 τῆς
400 3296 559 3381 γενέσεως
580 3297 636 3362 καὶ
660 3296 819 3382 προόδου.

207 3404 260 3469 58.
309 3400 418 3467 Πάλιν
452 3401 504 3468 ἐπὶ
536 3400 576 3467 τὰ
608 3402 811 3488 θεωρήματα
843 3402 962 3488 μετέβη
994 3402 1157 3489 ἑπόμενος

140 3519 209 3583 τοῖς
238 3508 293 3571 διὰ
327 3508 395 3573 τῶν
428 3506 674 3593 προβλημάτων
708 3509 941 3594 δεδειγμένοις.
991 3508 1060 3575 ἐπεὶ
1089 3508 1155 3596 γὰρ

212 3652 253 3698 ὃὸ.
278 3650 307 3700 P.

215 3778 255 3825 17
275 3742 359 3843 ωοτι]
379 3772 432 3841 Pq‚
453 3770 490 3835 ὡς
510 3769 566 3826 ἐστι
587 3774 699 3843 (comp.)
718 3773 766 3828 Vf.
840 3778 883 3827 26.
902 3771 1040 3842 γενέσεως
1058 3768 1156 3828 αὐτῶν

68 3860 103 3960 ι
140 3843 233 3913 ταῖς.
