<?xml version="1.0" encoding="UTF-8"?>
<!DOCTYPE html PUBLIC "-//W3C//DTD XHTML 1.0 Transitional//EN"
    "http://www.w3.org/TR/xhtml1/DTD/xhtml1-transitional.dtd">
<html xmlns="http://www.w3.org/1999/xhtml" xml:lang="en" lang="en">
 <head>
  <title>
</title>
<meta http-equiv="Content-Type" content="text/html;charset=utf-8" />
  <meta name='ocr-system' content='tesseract 3.04.00' />
  <meta name='ocr-capabilities' content='ocr_page ocr_carea ocr_par ocr_line ocrx_word'/>
</head>
<body>
  <div class='ocr_page' id='page_1' title='image "./euclidisoperaom10unkngoog_0524.png"; bbox 0 0 2414 4236; ppageno 0'>
   <div class='ocr_carea' id='block_1_1' title="bbox 204 493 1084 560">
    <p class='ocr_par' dir='ltr' id='par_1_1' title="bbox 204 493 1084 560">
     <span class='ocr_line' id='line_1_1' title="bbox 204 493 1084 560; baseline 0.007 -15"><span class='ocrx_word' id='word_1_1' title='bbox 204 495 359 546; x_wconf 82' lang='lat' dir='ltr'><strong>SCHOLIA</strong></span> <span class='ocrx_word' id='word_1_2' title='bbox 378 496 417 546; x_wconf 88' lang='lat' dir='ltr'><strong><em>IN</em></strong></span> <span class='ocrx_word' id='word_1_3' title='bbox 435 494 709 546; x_wconf 82' lang='lat' dir='ltr'><strong>ELEMENTORUM</strong></span> <span class='ocrx_word' id='word_1_4' title='bbox 727 494 866 548; x_wconf 84' lang='lat' dir='ltr'><strong>LIBRUM</strong></span> <span class='ocrx_word' id='word_1_5' title='bbox 880 496 954 551; x_wconf 88' lang='lat' dir='ltr'><strong>VIII.</strong></span> <span class='ocrx_word' id='word_1_6' title='bbox 1018 493 1084 560; x_wconf 81' lang='lat'><strong><em>393</em></strong></span> 
     </span>
    </p>
   </div>
   <div class='ocr_carea' id='block_1_2' title="bbox 67 627 1085 728">
    <p class='ocr_par' dir='ltr' id='par_1_2' title="bbox 67 627 1085 728">
     <span class='ocr_line' id='line_1_2' title="bbox 67 627 1085 728; baseline 0.007 -27"><span class='ocrx_word' id='word_1_7' title='bbox 67 635 278 702; x_wconf 78' lang='grc' dir='ltr'><strong><em>πιπτέτωσαν</em></strong></span> <span class='ocrx_word' id='word_1_8' title='bbox 300 635 383 703; x_wconf 88' lang='grc' dir='ltr'><strong><em>κατδι</em></strong></span> <span class='ocrx_word' id='word_1_9' title='bbox 405 633 443 702; x_wconf 88' lang='grc' dir='ltr'><strong><em>τὸ</em></strong></span> <span class='ocrx_word' id='word_1_10' title='bbox 469 633 605 722; x_wconf 72' lang='grc' dir='ltr'><strong><em>συνεχὲς</em></strong></span> <span class='ocrx_word' id='word_1_11' title='bbox 627 630 797 722; x_wconf 77' lang='grc' dir='ltr'><strong><em>ἀνάλογον</em></strong></span> <span class='ocrx_word' id='word_1_12' title='bbox 820 631 838 703; x_wconf 99' lang='lat'>5</span> <span class='ocrx_word' id='word_1_13' title='bbox 866 627 908 722; x_wconf 69' lang='grc' dir='ltr'><strong><em>ἰδ’</em></strong></span> <span class='ocrx_word' id='word_1_14' title='bbox 922 638 979 705; x_wconf 78' lang='grc' dir='ltr'><strong><em>καὶ</em></strong></span> <span class='ocrx_word' id='word_1_15' title='bbox 1003 636 1020 707; x_wconf 91' lang='lat'>5</span> <span class='ocrx_word' id='word_1_16' title='bbox 1040 645 1085 728; x_wconf 76' lang='grc' dir='ltr'><strong><em>ῖῇ.</em></strong></span> 
     </span>
    </p>
   </div>
   <div class='ocr_carea' id='block_1_3' title="bbox 68 734 1140 3486">
    <p class='ocr_par' dir='ltr' id='par_1_3' title="bbox 68 734 1137 1255">
     <span class='ocr_line' id='line_1_3' title="bbox 69 734 1083 829; baseline 0.005 -21"><span class='ocrx_word' id='word_1_17' title='bbox 69 743 225 808; x_wconf 85' lang='grc' dir='ltr'><strong><em>τοσοῦτοι</em></strong></span> <span class='ocrx_word' id='word_1_18' title='bbox 247 742 303 808; x_wconf 79' lang='grc' dir='ltr'><strong><em>καὶ</em></strong></span> <span class='ocrx_word' id='word_1_19' title='bbox 326 739 447 829; x_wconf 82' lang='grc' dir='ltr'><strong><em>μεταξὺ</em></strong></span> <span class='ocrx_word' id='word_1_20' title='bbox 470 744 528 829; x_wconf 80' lang='grc' dir='ltr'><strong><em>τῆς</em></strong></span> <span class='ocrx_word' id='word_1_21' title='bbox 550 739 700 827; x_wconf 79' lang='grc' dir='ltr'>μονάδος</span> <span class='ocrx_word' id='word_1_22' title='bbox 721 740 778 808; x_wconf 83' lang='grc' dir='ltr'><strong><em>καὶ</em></strong></span> <span class='ocrx_word' id='word_1_23' title='bbox 800 745 862 812; x_wconf 83' lang='grc' dir='ltr'><strong><em>τοῦ</em></strong></span> <span class='ocrx_word' id='word_1_24' title='bbox 885 734 1026 825; x_wconf 66' lang='grc' dir='ltr'><strong><em>ιἰξκατδι</em></strong></span> <span class='ocrx_word' id='word_1_25' title='bbox 1046 744 1083 814; x_wconf 89' lang='grc' dir='ltr'><strong><em>τὸ</em></strong></span> 
     </span>
     <span class='ocr_line' id='line_1_4' title="bbox 68 844 1085 935; baseline 0.006 -20"><span class='ocrx_word' id='word_1_26' title='bbox 68 846 204 935; x_wconf 75' lang='grc' dir='ltr'><strong><em>συνεχὲς</em></strong></span> <span class='ocrx_word' id='word_1_27' title='bbox 218 844 389 934; x_wconf 83' lang='grc' dir='ltr'><strong><em>ἀνάλογον</em></strong></span> <span class='ocrx_word' id='word_1_28' title='bbox 403 849 635 933; x_wconf 77' lang='grc' dir='ltr'><strong><em>ἐμπεσοῦνται,</em></strong></span> <span class='ocrx_word' id='word_1_29' title='bbox 650 845 712 915; x_wconf 84' lang='grc' dir='ltr'><strong><em>δύο</em></strong></span> <span class='ocrx_word' id='word_1_30' title='bbox 729 847 897 934; x_wconf 82' lang='grc' dir='ltr'><strong><em>δηλονότι.</em></strong></span> <span class='ocrx_word' id='word_1_31' title='bbox 926 846 1085 932; x_wconf 79' lang='grc' dir='ltr'><strong><em>ὡσαύτως</em></strong></span> 
     </span>
     <span class='ocr_line' id='line_1_5' title="bbox 68 949 1084 1044; baseline 0.005 -22"><span class='ocrx_word' id='word_1_32' title='bbox 68 955 124 1022; x_wconf 76' lang='grc' dir='ltr'><strong><em>καὶ</em></strong></span> <span class='ocrx_word' id='word_1_33' title='bbox 148 957 269 1040; x_wconf 82' lang='grc' dir='ltr'><strong><em>μεταξυ</em></strong></span> <span class='ocrx_word' id='word_1_34' title='bbox 292 958 351 1042; x_wconf 82' lang='grc' dir='ltr'><strong><em>τῆς</em></strong></span> <span class='ocrx_word' id='word_1_35' title='bbox 374 954 523 1041; x_wconf 76' lang='grc' dir='ltr'><em>μονάδος</em></span> <span class='ocrx_word' id='word_1_36' title='bbox 546 954 603 1021; x_wconf 76' lang='grc' dir='ltr'><strong><em>καὶ</em></strong></span> <span class='ocrx_word' id='word_1_37' title='bbox 621 957 682 1021; x_wconf 84' lang='grc' dir='ltr'><strong><em>τοῦ</em></strong></span> <span class='ocrx_word' id='word_1_38' title='bbox 700 966 722 1041; x_wconf 74' lang='grc' dir='ltr'><strong><em>ᾗ</em></strong></span> <span class='ocrx_word' id='word_1_39' title='bbox 737 949 770 1041; x_wconf 61' lang='grc' dir='ltr'><strong><em>ᾖ.</em></strong></span> <span class='ocrx_word' id='word_1_40' title='bbox 806 958 866 1022; x_wconf 81' lang='grc' dir='ltr'><strong><em>καί</em></strong></span> <span class='ocrx_word' id='word_1_41' title='bbox 879 958 944 1024; x_wconf 81' lang='grc' dir='ltr'><strong><em>εἰσι</em></strong></span> <span class='ocrx_word' id='word_1_42' title='bbox 962 959 1084 1044; x_wconf 82' lang='grc' dir='ltr'><strong><em>μεταξυ</em></strong></span> 
     </span>
     <span class='ocr_line' id='line_1_6' title="bbox 68 1049 1137 1151; baseline 0.003 -23"><span class='ocrx_word' id='word_1_43' title='bbox 68 1065 126 1147; x_wconf 78' lang='grc' dir='ltr'><strong><em>τῆς</em></strong></span> <span class='ocrx_word' id='word_1_44' title='bbox 149 1060 299 1148; x_wconf 78' lang='grc' dir='ltr'>μονάδος</span> <span class='ocrx_word' id='word_1_45' title='bbox 320 1061 377 1130; x_wconf 84' lang='grc' dir='ltr'><strong><em>καὶ</em></strong></span> <span class='ocrx_word' id='word_1_46' title='bbox 399 1065 461 1130; x_wconf 84' lang='grc' dir='ltr'><strong><em>τοῦ</em></strong></span> <span class='ocrx_word' id='word_1_47' title='bbox 483 1049 522 1143; x_wconf 60' lang='lat' dir='ltr'><strong><em>{t}</em></strong></span> <span class='ocrx_word' id='word_1_48' title='bbox 544 1058 562 1129; x_wconf 90' lang='lat'>5</span> <span class='ocrx_word' id='word_1_49' title='bbox 586 1066 607 1148; x_wconf 69' lang='grc' dir='ltr'>μ</span> <span class='ocrx_word' id='word_1_50' title='bbox 629 1062 685 1130; x_wconf 82' lang='grc' dir='ltr'><strong><em>καὶ</em></strong></span> <span class='ocrx_word' id='word_1_51' title='bbox 710 1058 727 1130; x_wconf 89' lang='lat'>5</span> <span class='ocrx_word' id='word_1_52' title='bbox 752 1052 793 1147; x_wconf 59' lang='grc' dir='ltr'><strong><em>δ’,</em></strong></span> <span class='ocrx_word' id='word_1_53' title='bbox 822 1063 943 1149; x_wconf 79' lang='grc' dir='ltr'><strong><em>μεταξν</em></strong></span> <span class='ocrx_word' id='word_1_54' title='bbox 967 1063 1004 1132; x_wconf 78' lang='grc' dir='ltr'><strong><em>δέ</em></strong></span> <span class='ocrx_word' id='word_1_55' title='bbox 1027 1068 1085 1151; x_wconf 78' lang='grc' dir='ltr'><strong><em>τῆς</em></strong></span> <span class='ocrx_word' id='word_1_56' title='bbox 1120 1091 1137 1142; x_wconf 73' lang='lat'>5</span> 
     </span>
     <span class='ocr_line' id='line_1_7' title="bbox 69 1155 685 1255; baseline 0.008 -21"><span class='ocrx_word' id='word_1_57' title='bbox 69 1167 218 1253; x_wconf 85' lang='grc' dir='ltr'>μονάδος</span> <span class='ocrx_word' id='word_1_58' title='bbox 240 1169 296 1235; x_wconf 84' lang='grc' dir='ltr'><strong><em>καὶ</em></strong></span> <span class='ocrx_word' id='word_1_59' title='bbox 319 1172 380 1237; x_wconf 85' lang='grc' dir='ltr'><strong><em>τοῦ</em></strong></span> <span class='ocrx_word' id='word_1_60' title='bbox 400 1174 422 1255; x_wconf 78' lang='grc' dir='ltr'><strong><em>ἦ</em></strong></span> <span class='ocrx_word' id='word_1_61' title='bbox 446 1164 464 1236; x_wconf 94' lang='lat'>5</span> <span class='ocrx_word' id='word_1_62' title='bbox 489 1155 513 1253; x_wconf 69' lang='lat' dir='ltr'><strong><em>{I</em></strong></span> <span class='ocrx_word' id='word_1_63' title='bbox 534 1168 590 1237; x_wconf 84' lang='grc' dir='ltr'><strong><em>καὶ</em></strong></span> <span class='ocrx_word' id='word_1_64' title='bbox 614 1165 632 1236; x_wconf 93' lang='lat'>5</span> <span class='ocrx_word' id='word_1_65' title='bbox 657 1156 685 1240; x_wconf 82' lang='grc' dir='ltr'><strong><em>δ.</em></strong></span> 
     </span>
    </p>

    <p class='ocr_par' dir='ltr' id='par_1_4' title="bbox 68 1270 1137 2085">
     <span class='ocr_line' id='line_1_8' title="bbox 137 1270 1085 1362; baseline 0.007 -23"><span class='ocrx_word' id='word_1_66' title='bbox 137 1275 190 1341; x_wconf 88' lang='grc'><strong><em>20.</em></strong></span> <span class='ocrx_word' id='word_1_67' title='bbox 239 1274 440 1360; x_wconf 79' lang='grc' dir='ltr'><strong><em>Τοιμωνιιιολ</em></strong></span> <span class='ocrx_word' id='word_1_68' title='bbox 476 1271 622 1361; x_wconf 83' lang='grc' dir='ltr'><strong><em>ἀριθμοί</em></strong></span> <span class='ocrx_word' id='word_1_69' title='bbox 627 1324 636 1358; x_wconf 88' lang='grc'>,</span> <span class='ocrx_word' id='word_1_70' title='bbox 679 1273 734 1341; x_wconf 83' lang='grc' dir='ltr'><strong><em>καὶ</em></strong></span> <span class='ocrx_word' id='word_1_71' title='bbox 772 1270 865 1362; x_wconf 82' lang='grc' dir='ltr'><strong><em>οἶμαι</em></strong></span> <span class='ocrx_word' id='word_1_72' title='bbox 902 1276 935 1357; x_wconf 82' lang='grc' dir='ltr'><strong><em>ἐξ</em></strong></span> <span class='ocrx_word' id='word_1_73' title='bbox 972 1272 1085 1346; x_wconf 78' lang='grc' dir='ltr'><strong><em>αὐτῶν</em></strong></span> 
     </span>
     <span class='ocr_line' id='line_1_9' title="bbox 70 1375 1085 1469; baseline 0.005 -23"><span class='ocrx_word' id='word_1_74' title='bbox 70 1375 258 1465; x_wconf 74' lang='grc' dir='ltr'><strong><em>εὑρίσκεται</em></strong></span> <span class='ocrx_word' id='word_1_75' title='bbox 282 1376 302 1466; x_wconf 85' lang='grc' dir='ltr'><em>ἡ</em></span> <span class='ocrx_word' id='word_1_76' title='bbox 328 1379 490 1460; x_wconf 83' lang='grc' dir='ltr'><strong><em>σύνθεσις</em></strong></span> <span class='ocrx_word' id='word_1_77' title='bbox 517 1384 585 1449; x_wconf 80' lang='grc' dir='ltr'><strong><em>των</em></strong></span> <span class='ocrx_word' id='word_1_78' title='bbox 608 1379 721 1467; x_wconf 77' lang='grc' dir='ltr'><strong><em>λόγων</em></strong></span> <span class='ocrx_word' id='word_1_79' title='bbox 750 1382 785 1448; x_wconf 79' lang='grc' dir='ltr'><strong><em>ἐκ</em></strong></span> <span class='ocrx_word' id='word_1_80' title='bbox 812 1385 873 1450; x_wconf 84' lang='grc' dir='ltr'><strong><em>τοῦ</em></strong></span> <span class='ocrx_word' id='word_1_81' title='bbox 896 1384 1001 1469; x_wconf 82' lang='grc' dir='ltr'><strong><em>λόγου</em></strong></span> <span class='ocrx_word' id='word_1_82' title='bbox 1023 1386 1085 1451; x_wconf 85' lang='grc' dir='ltr'><strong><em>τοῦ</em></strong></span> 
     </span>
     <span class='ocr_line' id='line_1_10' title="bbox 69 1483 1085 1576; baseline 0.007 -24"><span class='ocrx_word' id='word_1_83' title='bbox 69 1483 168 1566; x_wconf 76' lang='grc' dir='ltr'>ὄντος</span> <span class='ocrx_word' id='word_1_84' title='bbox 181 1488 304 1572; x_wconf 78' lang='grc' dir='ltr'><strong><em>μεταξὺ</em></strong></span> <span class='ocrx_word' id='word_1_85' title='bbox 318 1497 386 1554; x_wconf 78' lang='grc' dir='ltr'><strong><em>τῶν</em></strong></span> <span class='ocrx_word' id='word_1_86' title='bbox 402 1485 464 1555; x_wconf 84' lang='grc' dir='ltr'><strong><em>δύο</em></strong></span> <span class='ocrx_word' id='word_1_87' title='bbox 479 1487 563 1572; x_wconf 81' lang='grc' dir='ltr'>πρὸς</span> <span class='ocrx_word' id='word_1_88' title='bbox 577 1484 743 1574; x_wconf 78' lang='grc' dir='ltr'><strong><em>ἀλλήλους</em></strong></span> <span class='ocrx_word' id='word_1_89' title='bbox 757 1490 932 1558; x_wconf 77' lang='grc' dir='ltr'><strong><em>δοθέντων</em></strong></span> <span class='ocrx_word' id='word_1_90' title='bbox 943 1488 1085 1576; x_wconf 76' lang='grc' dir='ltr'>τεράτων</span> 
     </span>
     <span class='ocr_line' id='line_1_11' title="bbox 69 1588 1137 1684; baseline 0.007 -26"><span class='ocrx_word' id='word_1_91' title='bbox 69 1588 227 1679; x_wconf 75' lang='grc' dir='ltr'><strong><em>ἀριθμῶν</em></strong></span> <span class='ocrx_word' id='word_1_92' title='bbox 255 1593 396 1660; x_wconf 76' lang='grc' dir='ltr'><strong><em>καὶτοῦ</em></strong></span> <span class='ocrx_word' id='word_1_93' title='bbox 420 1592 542 1679; x_wconf 80' lang='grc' dir='ltr'><strong><em>μεταξὺ</em></strong></span> <span class='ocrx_word' id='word_1_94' title='bbox 568 1597 629 1662; x_wconf 85' lang='grc' dir='ltr'><strong><em>τοῦ</em></strong></span> <span class='ocrx_word' id='word_1_95' title='bbox 652 1592 828 1675; x_wconf 82' lang='grc' dir='ltr'><strong><em>ἐλάττονος</em></strong></span> <span class='ocrx_word' id='word_1_96' title='bbox 849 1600 919 1665; x_wconf 73' lang='grc' dir='ltr'>τοῖν</span> <span class='ocrx_word' id='word_1_97' title='bbox 941 1593 1085 1684; x_wconf 70' lang='grc' dir='ltr'>τεράτων</span> <span class='ocrx_word' id='word_1_98' title='bbox 1104 1622 1137 1674; x_wconf 88' lang='lat'><strong><em>10</em></strong></span> 
     </span>
     <span class='ocr_line' id='line_1_12' title="bbox 68 1696 1085 1791; baseline 0.004 -25"><span class='ocrx_word' id='word_1_99' title='bbox 68 1696 152 1785; x_wconf 80' lang='grc' dir='ltr'>τμδς</span> <span class='ocrx_word' id='word_1_100' title='bbox 170 1697 340 1785; x_wconf 83' lang='grc' dir='ltr'><strong><em>ἀλλήλους</em></strong></span> <span class='ocrx_word' id='word_1_101' title='bbox 362 1698 538 1767; x_wconf 79' lang='grc' dir='ltr'><strong><em>δοθέντων</em></strong></span> <span class='ocrx_word' id='word_1_102' title='bbox 560 1700 617 1767; x_wconf 83' lang='grc' dir='ltr'><strong><em>καὶ</em></strong></span> <span class='ocrx_word' id='word_1_103' title='bbox 635 1704 693 1787; x_wconf 78' lang='grc' dir='ltr'><strong><em>τῆς</em></strong></span> <span class='ocrx_word' id='word_1_104' title='bbox 710 1700 872 1787; x_wconf 91' lang='grc' dir='ltr'>μονάδος·</span> <span class='ocrx_word' id='word_1_105' title='bbox 899 1699 1085 1791; x_wconf 79' lang='grc' dir='ltr'><strong><em>εὑρίσκεται</em></strong></span> 
     </span>
     <span class='ocr_line' id='line_1_13' title="bbox 69 1802 1085 1900; baseline 0.005 -28"><span class='ocrx_word' id='word_1_106' title='bbox 69 1802 90 1892; x_wconf 81' lang='grc' dir='ltr'><em>ἡ</em></span> <span class='ocrx_word' id='word_1_107' title='bbox 117 1804 278 1883; x_wconf 80' lang='grc' dir='ltr'><strong><em>σύνθεσις</em></strong></span> <span class='ocrx_word' id='word_1_108' title='bbox 300 1808 369 1873; x_wconf 81' lang='grc' dir='ltr'><strong><em>τῶν</em></strong></span> <span class='ocrx_word' id='word_1_109' title='bbox 392 1802 503 1889; x_wconf 83' lang='grc' dir='ltr'><strong><em>λόγων</em></strong></span> <span class='ocrx_word' id='word_1_110' title='bbox 526 1804 658 1874; x_wconf 84' lang='grc' dir='ltr'>τούτων</span> <span class='ocrx_word' id='word_1_111' title='bbox 681 1808 717 1873; x_wconf 84' lang='grc' dir='ltr'><strong><em>ἐν</em></strong></span> <span class='ocrx_word' id='word_1_112' title='bbox 741 1810 787 1900; x_wconf 74' lang='grc' dir='ltr'><strong><em>τῷ</em></strong></span> <span class='ocrx_word' id='word_1_113' title='bbox 811 1805 933 1894; x_wconf 83' lang='grc' dir='ltr'><strong><em>μεταξὺ</em></strong></span> <span class='ocrx_word' id='word_1_114' title='bbox 951 1813 1010 1896; x_wconf 81' lang='grc' dir='ltr'><strong><em>τῆς</em></strong></span> <span class='ocrx_word' id='word_1_115' title='bbox 1027 1835 1085 1896; x_wconf 93' lang='grc' dir='ltr'><strong><em>μο-</em></strong></span> 
     </span>
     <span class='ocr_line' id='line_1_14' title="bbox 69 1910 1086 2003; baseline 0.004 -23"><span class='ocrx_word' id='word_1_116' title='bbox 69 1910 175 1991; x_wconf 88' lang='grc' dir='ltr'>νάδος</span> <span class='ocrx_word' id='word_1_117' title='bbox 202 1911 257 1979; x_wconf 81' lang='grc' dir='ltr'><strong><em>καὶ</em></strong></span> <span class='ocrx_word' id='word_1_118' title='bbox 285 1913 347 1978; x_wconf 85' lang='grc' dir='ltr'><strong><em>τοῦ</em></strong></span> <span class='ocrx_word' id='word_1_119' title='bbox 371 1914 530 1997; x_wconf 84' lang='grc' dir='ltr'><strong><em>μεγίστου</em></strong></span> <span class='ocrx_word' id='word_1_120' title='bbox 552 1915 622 1979; x_wconf 78' lang='grc' dir='ltr'><strong><em>τῶν</em></strong></span> <span class='ocrx_word' id='word_1_121' title='bbox 644 1912 787 2000; x_wconf 77' lang='grc' dir='ltr'><strong><em>στράτιον</em></strong></span> <span class='ocrx_word' id='word_1_122' title='bbox 814 1912 898 2002; x_wconf 78' lang='grc' dir='ltr'><strong><em>πρὸς</em></strong></span> <span class='ocrx_word' id='word_1_123' title='bbox 920 1911 1086 2003; x_wconf 86' lang='grc' dir='ltr'><strong><em>ἀλλήλους</em></strong></span> 
     </span>
     <span class='ocr_line' id='line_1_15' title="bbox 70 2018 252 2085; baseline 0.005 -1"><span class='ocrx_word' id='word_1_124' title='bbox 70 2018 252 2085; x_wconf 79' lang='grc' dir='ltr'>δοθέντων.</span> 
     </span>
    </p>

    <p class='ocr_par' dir='ltr' id='par_1_5' title="bbox 458 2107 1138 2203">
     <span class='ocr_line' id='line_1_16' title="bbox 458 2107 1138 2203; baseline 0.004 -32"><span class='ocrx_word' id='word_1_125' title='bbox 458 2107 515 2171; x_wconf 82' lang='lat' dir='ltr'><strong><em>Ad</em></strong></span> <span class='ocrx_word' id='word_1_126' title='bbox 538 2130 643 2192; x_wconf 83' lang='lat' dir='ltr'>prop.</span> <span class='ocrx_word' id='word_1_127' title='bbox 666 2107 706 2175; x_wconf 90' lang='lat' dir='ltr'><strong><em>X.</em></strong></span> <span class='ocrx_word' id='word_1_128' title='bbox 1106 2153 1138 2203; x_wconf 78' lang='lat'><strong><em>15</em></strong></span> 
     </span>
    </p>

    <p class='ocr_par' dir='ltr' id='par_1_6' title="bbox 139 2225 976 2322">
     <span class='ocr_line' id='line_1_17' title="bbox 139 2225 976 2322; baseline 0.007 -27"><span class='ocrx_word' id='word_1_129' title='bbox 139 2231 191 2296; x_wconf 88' lang='grc'><strong><em>21.</em></strong></span> <span class='ocrx_word' id='word_1_130' title='bbox 232 2231 337 2296; x_wconf 79' lang='grc' dir='ltr'><strong><em>Τοῦτο</em></strong></span> <span class='ocrx_word' id='word_1_131' title='bbox 361 2225 588 2316; x_wconf 81' lang='grc' dir='ltr'>άντίστμοφόν</span> <span class='ocrx_word' id='word_1_132' title='bbox 613 2230 749 2322; x_wconf 78' lang='grc' dir='ltr'><strong><em>ἐστιτῷ</em></strong></span> <span class='ocrx_word' id='word_1_133' title='bbox 773 2230 838 2319; x_wconf 81' lang='grc' dir='ltr'><strong><em>ιτμὸ</em></strong></span> <span class='ocrx_word' id='word_1_134' title='bbox 863 2229 976 2301; x_wconf 73' lang='grc' dir='ltr'><strong><em>αὐτοῦ.</em></strong></span> 
     </span>
    </p>

    <p class='ocr_par' dir='ltr' id='par_1_7' title="bbox 70 2330 1140 3273">
     <span class='ocr_line' id='line_1_18' title="bbox 138 2330 1086 2425; baseline 0.004 -24"><span class='ocrx_word' id='word_1_135' title='bbox 138 2337 191 2402; x_wconf 90' lang='grc'><strong><em>22.</em></strong></span> <span class='ocrx_word' id='word_1_136' title='bbox 225 2330 303 2402; x_wconf 80' lang='grc' dir='ltr'><strong><em>Ἐάν</em></strong></span> <span class='ocrx_word' id='word_1_137' title='bbox 332 2331 422 2420; x_wconf 81' lang='grc' dir='ltr'><strong><em>ὅσοι,</em></strong></span> <span class='ocrx_word' id='word_1_138' title='bbox 455 2341 577 2423; x_wconf 81' lang='grc' dir='ltr'><strong><em>φησίν,</em></strong></span> <span class='ocrx_word' id='word_1_139' title='bbox 609 2331 752 2423; x_wconf 78' lang='grc' dir='ltr'><strong><em>ἀριθμοὶ</em></strong></span> <span class='ocrx_word' id='word_1_140' title='bbox 783 2337 904 2423; x_wconf 79' lang='grc' dir='ltr'><strong><em>μεταξὺ</em></strong></span> <span class='ocrx_word' id='word_1_141' title='bbox 937 2338 1086 2425; x_wconf 88' lang='grc' dir='ltr'>μονάδος</span> 
     </span>
     <span class='ocr_line' id='line_1_19' title="bbox 70 2438 1086 2530; baseline 0 -20"><span class='ocrx_word' id='word_1_142' title='bbox 70 2442 126 2510; x_wconf 83' lang='grc' dir='ltr'><strong><em>καὶ</em></strong></span> <span class='ocrx_word' id='word_1_143' title='bbox 149 2444 210 2509; x_wconf 90' lang='grc' dir='ltr'><strong><em>τοῦ</em></strong></span> <span class='ocrx_word' id='word_1_144' title='bbox 233 2449 265 2508; x_wconf 87' lang='lat' dir='ltr'><em>A</em></span> <span class='ocrx_word' id='word_1_145' title='bbox 292 2438 444 2530; x_wconf 77' lang='grc' dir='ltr'><strong><em>ἀριθμοῦ</em></strong></span> <span class='ocrx_word' id='word_1_146' title='bbox 471 2444 670 2529; x_wconf 83' lang='grc' dir='ltr'><strong><em>ἐμπίπτωσι,</em></strong></span> <span class='ocrx_word' id='word_1_147' title='bbox 697 2447 853 2512; x_wconf 85' lang='grc' dir='ltr'><strong><em>τοσοῦτοι</em></strong></span> <span class='ocrx_word' id='word_1_148' title='bbox 880 2444 936 2511; x_wconf 76' lang='grc' dir='ltr'><strong><em>καὶ</em></strong></span> <span class='ocrx_word' id='word_1_149' title='bbox 964 2444 1086 2530; x_wconf 82' lang='grc' dir='ltr'><strong><em>μεταξὺ</em></strong></span> 
     </span>
     <span class='ocr_line' id='line_1_20' title="bbox 70 2546 1085 2636; baseline 0 -18"><span class='ocrx_word' id='word_1_150' title='bbox 70 2560 132 2618; x_wconf 90' lang='grc' dir='ltr'><strong><em>τοῦ</em></strong></span> <span class='ocrx_word' id='word_1_151' title='bbox 156 2554 185 2615; x_wconf 87' lang='grc' dir='ltr'><em>Β</em></span> <span class='ocrx_word' id='word_1_152' title='bbox 207 2547 263 2614; x_wconf 84' lang='grc' dir='ltr'><strong><em>καὶ</em></strong></span> <span class='ocrx_word' id='word_1_153' title='bbox 286 2547 388 2615; x_wconf 76' lang='grc' dir='ltr'><strong><em>πάλιν</em></strong></span> <span class='ocrx_word' id='word_1_154' title='bbox 412 2546 515 2635; x_wconf 80' lang='grc' dir='ltr'><strong><em>αὐτῆς</em></strong></span> <span class='ocrx_word' id='word_1_155' title='bbox 537 2552 596 2635; x_wconf 80' lang='grc' dir='ltr'><strong><em>τῆς</em></strong></span> <span class='ocrx_word' id='word_1_156' title='bbox 618 2547 768 2636; x_wconf 90' lang='grc' dir='ltr'>μονάδος</span> <span class='ocrx_word' id='word_1_157' title='bbox 792 2549 990 2636; x_wconf 82' lang='grc' dir='ltr'><strong><em>ἐμιτίιττωσι,</em></strong></span> <span class='ocrx_word' id='word_1_158' title='bbox 1012 2570 1085 2618; x_wconf 89' lang='grc' dir='ltr'><strong><em>τοσ-</em></strong></span> 
     </span>
     <span class='ocr_line' id='line_1_21' title="bbox 70 2650 1138 2743; baseline 0.004 -20"><span class='ocrx_word' id='word_1_159' title='bbox 70 2659 179 2742; x_wconf 87' lang='grc' dir='ltr'><strong><em>οῦτοι,</em></strong></span> <span class='ocrx_word' id='word_1_160' title='bbox 213 2659 335 2741; x_wconf 83' lang='grc' dir='ltr'><strong><em>φησίν,</em></strong></span> <span class='ocrx_word' id='word_1_161' title='bbox 368 2657 451 2722; x_wconf 89' lang='grc' dir='ltr'><strong><em>ιιατά</em></strong></span> <span class='ocrx_word' id='word_1_162' title='bbox 485 2652 522 2721; x_wconf 88' lang='grc' dir='ltr'><strong><em>τὸ</em></strong></span> <span class='ocrx_word' id='word_1_163' title='bbox 555 2656 691 2743; x_wconf 77' lang='grc' dir='ltr'><strong><em>συνεχὲς</em></strong></span> <span class='ocrx_word' id='word_1_164' title='bbox 723 2656 796 2743; x_wconf 82' lang='grc' dir='ltr'>ἑξῆς</span> <span class='ocrx_word' id='word_1_165' title='bbox 828 2650 997 2742; x_wconf 74' lang='grc' dir='ltr'><strong><em>ἀνάλογον</em></strong></span> <span class='ocrx_word' id='word_1_166' title='bbox 1028 2659 1084 2727; x_wconf 75' lang='grc' dir='ltr'><strong><em>καὶ</em></strong></span> <span class='ocrx_word' id='word_1_167' title='bbox 1103 2684 1138 2735; x_wconf 73' lang='grc' dir='ltr'><strong><em>νο</em></strong></span> 
     </span>
     <span class='ocr_line' id='line_1_22' title="bbox 72 2758 1087 2850; baseline 0.003 -21"><span class='ocrx_word' id='word_1_168' title='bbox 72 2763 194 2848; x_wconf 80' lang='grc' dir='ltr'><strong><em>μεταξὺ</em></strong></span> <span class='ocrx_word' id='word_1_169' title='bbox 215 2765 277 2829; x_wconf 88' lang='grc' dir='ltr'><strong><em>τοῦ</em></strong></span> <span class='ocrx_word' id='word_1_170' title='bbox 300 2770 333 2826; x_wconf 92' lang='lat' dir='ltr'><em>A</em></span> <span class='ocrx_word' id='word_1_171' title='bbox 355 2760 459 2826; x_wconf 84' lang='grc' dir='ltr'><strong><em>καὶΒ</em></strong></span> <span class='ocrx_word' id='word_1_172' title='bbox 483 2761 713 2847; x_wconf 79' lang='grc' dir='ltr'><strong><em>ἐμπεσοῦνται.</em></strong></span> <span class='ocrx_word' id='word_1_173' title='bbox 749 2766 833 2829; x_wconf 88' lang='grc' dir='ltr'><strong><em>ἐστω</em></strong></span> <span class='ocrx_word' id='word_1_174' title='bbox 852 2758 871 2829; x_wconf 91' lang='lat'>5</span> <span class='ocrx_word' id='word_1_175' title='bbox 890 2771 923 2828; x_wconf 85' lang='lat' dir='ltr'><em>A</em></span> <span class='ocrx_word' id='word_1_176' title='bbox 941 2759 1087 2850; x_wconf 77' lang='grc' dir='ltr'>ἀμνδμός</span> 
     </span>
     <span class='ocr_line' id='line_1_23' title="bbox 72 2854 1084 2956; baseline 0.002 -22"><span class='ocrx_word' id='word_1_177' title='bbox 72 2868 231 2952; x_wconf 91' lang='grc' dir='ltr'>μονάδων</span> <span class='ocrx_word' id='word_1_178' title='bbox 253 2854 292 2948; x_wconf 59' lang='lat' dir='ltr'><strong><em>{t}</em></strong></span> <span class='ocrx_word' id='word_1_179' title='bbox 318 2866 373 2933; x_wconf 81' lang='grc' dir='ltr'><strong><em>καὶ</em></strong></span> <span class='ocrx_word' id='word_1_180' title='bbox 402 2869 508 2953; x_wconf 85' lang='grc' dir='ltr'>μονάς</span> <span class='ocrx_word' id='word_1_181' title='bbox 536 2864 622 2953; x_wconf 80' lang='grc' dir='ltr'><strong><em>ἡΓ,</em></strong></span> <span class='ocrx_word' id='word_1_182' title='bbox 654 2869 711 2935; x_wconf 80' lang='grc' dir='ltr'><strong><em>καὶ</em></strong></span> <span class='ocrx_word' id='word_1_183' title='bbox 738 2865 861 2955; x_wconf 83' lang='grc' dir='ltr'><strong><em>μεταξὺ</em></strong></span> <span class='ocrx_word' id='word_1_184' title='bbox 886 2870 945 2953; x_wconf 83' lang='grc' dir='ltr'><strong><em>τῆς</em></strong></span> <span class='ocrx_word' id='word_1_185' title='bbox 968 2873 1000 2936; x_wconf 90' lang='grc' dir='ltr'>Γ</span> <span class='ocrx_word' id='word_1_186' title='bbox 1027 2896 1084 2956; x_wconf 91' lang='grc' dir='ltr'><strong><em>μο-</em></strong></span> 
     </span>
     <span class='ocr_line' id='line_1_24' title="bbox 72 2961 1086 3060; baseline 0.004 -20"><span class='ocrx_word' id='word_1_187' title='bbox 72 2975 175 3054; x_wconf 90' lang='grc' dir='ltr'>νάδος</span> <span class='ocrx_word' id='word_1_188' title='bbox 193 2973 248 3040; x_wconf 78' lang='grc' dir='ltr'><strong><em>καὶ</em></strong></span> <span class='ocrx_word' id='word_1_189' title='bbox 267 2976 329 3040; x_wconf 86' lang='grc' dir='ltr'><strong><em>τοῦ</em></strong></span> <span class='ocrx_word' id='word_1_190' title='bbox 347 2981 379 3040; x_wconf 87' lang='lat' dir='ltr'><em>A</em></span> <span class='ocrx_word' id='word_1_191' title='bbox 398 2971 549 3060; x_wconf 74' lang='grc' dir='ltr'><strong><em>ἀριθμοῦ</em></strong></span> <span class='ocrx_word' id='word_1_192' title='bbox 568 2978 717 3042; x_wconf 80' lang='grc' dir='ltr'><strong><em>ἔστωσαν</em></strong></span> <span class='ocrx_word' id='word_1_193' title='bbox 736 2971 865 3060; x_wconf 69' lang='grc' dir='ltr'><strong><em>ὅμοιοὶ</em></strong></span> <span class='ocrx_word' id='word_1_194' title='bbox 884 2961 953 3043; x_wconf 70' lang='grc' dir='ltr'><strong><em>δδ.</em></strong></span> <span class='ocrx_word' id='word_1_195' title='bbox 983 2975 1086 3045; x_wconf 81' lang='grc' dir='ltr'><strong><em>πάλιν</em></strong></span> 
     </span>
     <span class='ocr_line' id='line_1_25' title="bbox 71 3075 1087 3167; baseline 0.003 -21"><span class='ocrx_word' id='word_1_196' title='bbox 71 3085 154 3147; x_wconf 80' lang='grc' dir='ltr'><strong><em>ἔστω</em></strong></span> <span class='ocrx_word' id='word_1_197' title='bbox 184 3085 254 3146; x_wconf 88' lang='grc' dir='ltr'><strong><em>οΒ</em></strong></span> <span class='ocrx_word' id='word_1_198' title='bbox 282 3075 428 3165; x_wconf 79' lang='grc' dir='ltr'><strong><em>ἀριθμὸς</em></strong></span> <span class='ocrx_word' id='word_1_199' title='bbox 454 3078 657 3167; x_wconf 79' lang='grc' dir='ltr'>μονάδωνῆ</span> <span class='ocrx_word' id='word_1_200' title='bbox 686 3080 742 3148; x_wconf 77' lang='grc' dir='ltr'><strong><em>καὶ</em></strong></span> <span class='ocrx_word' id='word_1_201' title='bbox 768 3076 789 3166; x_wconf 83' lang='grc' dir='ltr'><em>ἡ</em></span> <span class='ocrx_word' id='word_1_202' title='bbox 820 3085 853 3149; x_wconf 94' lang='grc' dir='ltr'>Γ</span> <span class='ocrx_word' id='word_1_203' title='bbox 878 3078 998 3167; x_wconf 86' lang='grc' dir='ltr'>μονάς,</span> <span class='ocrx_word' id='word_1_204' title='bbox 1031 3082 1087 3150; x_wconf 82' lang='grc' dir='ltr'><strong><em>καὶ</em></strong></span> 
     </span>
     <span class='ocr_line' id='line_1_26' title="bbox 72 3174 1140 3273; baseline 0.003 -20"><span class='ocrx_word' id='word_1_205' title='bbox 72 3191 223 3253; x_wconf 83' lang='grc' dir='ltr'><strong><em>ἔστωσαν</em></strong></span> <span class='ocrx_word' id='word_1_206' title='bbox 246 3185 369 3272; x_wconf 82' lang='grc' dir='ltr'><strong><em>μεταξὺ</em></strong></span> <span class='ocrx_word' id='word_1_207' title='bbox 392 3189 450 3272; x_wconf 83' lang='grc' dir='ltr'><strong><em>τῆς</em></strong></span> <span class='ocrx_word' id='word_1_208' title='bbox 473 3185 622 3271; x_wconf 89' lang='grc' dir='ltr'>μονάδος</span> <span class='ocrx_word' id='word_1_209' title='bbox 644 3186 700 3253; x_wconf 81' lang='grc' dir='ltr'><strong><em>καλ</em></strong></span> <span class='ocrx_word' id='word_1_210' title='bbox 721 3189 783 3254; x_wconf 86' lang='grc' dir='ltr'><strong><em>τοῦ</em></strong></span> <span class='ocrx_word' id='word_1_211' title='bbox 804 3198 827 3273; x_wconf 81' lang='grc' dir='ltr'><strong><em>ἦ</em></strong></span> <span class='ocrx_word' id='word_1_212' title='bbox 851 3183 869 3254; x_wconf 92' lang='lat'>5</span> <span class='ocrx_word' id='word_1_213' title='bbox 889 3174 916 3273; x_wconf 60' lang='grc' dir='ltr'><strong><em>ᾖ</em></strong></span> <span class='ocrx_word' id='word_1_214' title='bbox 936 3187 993 3255; x_wconf 74' lang='grc' dir='ltr'><strong><em>καὶ</em></strong></span> <span class='ocrx_word' id='word_1_215' title='bbox 1016 3185 1034 3256; x_wconf 93' lang='lat'>5</span> <span class='ocrx_word' id='word_1_216' title='bbox 1055 3175 1085 3256; x_wconf 73' lang='grc' dir='ltr'><strong><em>δ.</em></strong></span> <span class='ocrx_word' id='word_1_217' title='bbox 1105 3215 1140 3265; x_wconf 76' lang='lat'><strong><em>25</em></strong></span> 
     </span>
    </p>

    <p class='ocr_par' dir='ltr' id='par_1_8' title="bbox 70 3287 1088 3486">
     <span class='ocr_line' id='line_1_27' title="bbox 138 3287 1087 3379; baseline 0.002 -19"><span class='ocrx_word' id='word_1_218' title='bbox 138 3295 192 3360; x_wconf 88' lang='grc'><strong><em>23.</em></strong></span> <span class='ocrx_word' id='word_1_219' title='bbox 219 3287 265 3358; x_wconf 88' lang='grc' dir='ltr'><em>Ἡ</em></span> <span class='ocrx_word' id='word_1_220' title='bbox 280 3291 318 3360; x_wconf 74' lang='grc' dir='ltr'><strong><em>δὲ</em></strong></span> <span class='ocrx_word' id='word_1_221' title='bbox 337 3288 512 3379; x_wconf 79' lang='grc' dir='ltr'><strong><em>ἀφαίρεσις</em></strong></span> <span class='ocrx_word' id='word_1_222' title='bbox 530 3303 598 3361; x_wconf 79' lang='grc' dir='ltr'><strong><em>τῶν</em></strong></span> <span class='ocrx_word' id='word_1_223' title='bbox 612 3290 724 3378; x_wconf 82' lang='grc' dir='ltr'><strong><em>λόγων</em></strong></span> <span class='ocrx_word' id='word_1_224' title='bbox 739 3294 775 3361; x_wconf 81' lang='grc' dir='ltr'><strong><em>ἐκ</em></strong></span> <span class='ocrx_word' id='word_1_225' title='bbox 788 3296 850 3361; x_wconf 87' lang='grc' dir='ltr'><strong><em>τοῦ</em></strong></span> <span class='ocrx_word' id='word_1_226' title='bbox 864 3293 898 3361; x_wconf 83' lang='grc' dir='ltr'><strong><em>ι’.</em></strong></span> <span class='ocrx_word' id='word_1_227' title='bbox 927 3292 1087 3379; x_wconf 81' lang='grc' dir='ltr'><strong><em>λαβόντες</em></strong></span> 
     </span>
     <span class='ocr_line' id='line_1_28' title="bbox 70 3396 1088 3486; baseline 0.004 -22"><span class='ocrx_word' id='word_1_228' title='bbox 70 3396 132 3465; x_wconf 90' lang='grc' dir='ltr'><strong><em>τὸν</em></strong></span> <span class='ocrx_word' id='word_1_229' title='bbox 156 3397 278 3484; x_wconf 80' lang='grc' dir='ltr'><strong><em>μεταξὺ</em></strong></span> <span class='ocrx_word' id='word_1_230' title='bbox 301 3396 405 3483; x_wconf 84' lang='grc' dir='ltr'><strong><em>λόγον</em></strong></span> <span class='ocrx_word' id='word_1_231' title='bbox 427 3402 486 3485; x_wconf 81' lang='grc' dir='ltr'><strong><em>τῆς</em></strong></span> <span class='ocrx_word' id='word_1_232' title='bbox 507 3425 542 3467; x_wconf 90' lang='grc' dir='ltr'><strong><em>τε</em></strong></span> <span class='ocrx_word' id='word_1_233' title='bbox 566 3399 713 3486; x_wconf 89' lang='grc' dir='ltr'>μονάδος</span> <span class='ocrx_word' id='word_1_234' title='bbox 738 3399 794 3466; x_wconf 76' lang='grc' dir='ltr'><strong><em>καὶ</em></strong></span> <span class='ocrx_word' id='word_1_235' title='bbox 822 3402 882 3467; x_wconf 85' lang='grc' dir='ltr'><strong><em>τοῦ</em></strong></span> <span class='ocrx_word' id='word_1_236' title='bbox 906 3398 1088 3480; x_wconf 80' lang='grc' dir='ltr'><strong><em>ἐλάσσονος</em></strong></span> 
     </span>
    </p>
   </div>
   <div class='ocr_carea' id='block_1_4' title="bbox 71 3533 286 3546">
    <p class='ocr_par' dir='ltr' id='par_1_9' title="bbox 71 3533 286 3546">
     <span class='ocr_line' id='line_1_29' title="bbox 71 3533 286 3546; baseline -0.005 -3"><span class='ocrx_word' id='word_1_237' title='bbox 71 3533 286 3546; x_wconf 55' lang='lat'>—2-.—-</span> 
     </span>
    </p>
   </div>
   <div class='ocr_carea' id='block_1_5' title="bbox 144 3591 873 3663">
    <p class='ocr_par' dir='ltr' id='par_1_10' title="bbox 144 3591 873 3663">
     <span class='ocr_line' id='line_1_30' title="bbox 144 3591 873 3663; baseline 0.003 -16"><span class='ocrx_word' id='word_1_238' title='bbox 144 3592 278 3661; x_wconf 57' lang='grc' dir='ltr'><strong><em>νοτες.</em></strong></span> <span class='ocrx_word' id='word_1_239' title='bbox 353 3591 487 3660; x_wconf 80' lang='lat' dir='ltr'>21.V·q.</span> <span class='ocrx_word' id='word_1_240' title='bbox 561 3593 694 3663; x_wconf 54' lang='grc' dir='ltr'><strong><em>νάιος.</em></strong></span> <span class='ocrx_word' id='word_1_241' title='bbox 768 3594 873 3649; x_wconf 55' lang='grc' dir='ltr'><strong><em>τινα</em></strong></span> 
     </span>
    </p>
   </div>
   <div class='ocr_carea' id='block_1_6' title="bbox 73 3766 1108 3919">
    <p class='ocr_par' dir='ltr' id='par_1_11' title="bbox 73 3766 1108 3919">
     <span class='ocr_line' id='line_1_31' title="bbox 146 3766 1086 3854; baseline 0.005 -29"><span class='ocrx_word' id='word_1_242' title='bbox 146 3776 169 3825; x_wconf 79' lang='grc'><strong><em>7.</em></strong></span> <span class='ocrx_word' id='word_1_243' title='bbox 191 3767 234 3842; x_wconf 75' lang='grc' dir='ltr'><strong><em>ἐξ]</em></strong></span> <span class='ocrx_word' id='word_1_244' title='bbox 254 3771 303 3825; x_wconf 84' lang='grc' dir='ltr'><strong><em>καλ</em></strong></span> <span class='ocrx_word' id='word_1_245' title='bbox 322 3766 352 3837; x_wconf 77' lang='grc' dir='ltr'><strong><em>ἐξ</em></strong></span> <span class='ocrx_word' id='word_1_246' title='bbox 371 3770 405 3826; x_wconf 90' lang='lat' dir='ltr'><strong><em>V.</em></strong></span> <span class='ocrx_word' id='word_1_247' title='bbox 479 3776 522 3827; x_wconf 79' lang='lat'><strong><em>2³.</em></strong></span> <span class='ocrx_word' id='word_1_248' title='bbox 546 3766 686 3843; x_wconf 73' lang='grc' dir='ltr'><strong><em>ἀριθμοῦ]</em></strong></span> <span class='ocrx_word' id='word_1_249' title='bbox 706 3787 797 3854; x_wconf 64' lang='lat' dir='ltr'><strong>comp.</strong></span> <span class='ocrx_word' id='word_1_250' title='bbox 816 3789 843 3841; x_wconf 87' lang='lat' dir='ltr'><strong><em>q,</em></strong></span> <span class='ocrx_word' id='word_1_251' title='bbox 862 3789 917 3828; x_wconf 88' lang='lat' dir='ltr'><strong><em>om.</em></strong></span> <span class='ocrx_word' id='word_1_252' title='bbox 936 3772 969 3827; x_wconf 83' lang='lat' dir='ltr'><strong><em>V.</em></strong></span> <span class='ocrx_word' id='word_1_253' title='bbox 998 3841 1005 3854; x_wconf 26' lang='grc' dir='ltr'>ἱ</span> <span class='ocrx_word' id='word_1_254' title='bbox 1027 3780 1086 3854; x_wconf 73' lang='grc' dir='ltr'><strong><em>ιλλ.</em></strong></span> 
     </span>
     <span class='ocr_line' id='line_1_32' title="bbox 73 3836 1108 3919; baseline -0.003 -24"><span class='ocrx_word' id='word_1_255' title='bbox 73 3836 134 3906; x_wconf 81' lang='grc' dir='ltr'><strong><em>τόν,</em></strong></span> <span class='ocrx_word' id='word_1_256' title='bbox 154 3841 204 3909; x_wconf 82' lang='grc' dir='ltr'><strong><em>τῆς</em></strong></span> <span class='ocrx_word' id='word_1_257' title='bbox 218 3843 248 3896; x_wconf 77' lang='lat' dir='ltr'><strong><em>et</em></strong></span> <span class='ocrx_word' id='word_1_258' title='bbox 261 3841 319 3908; x_wconf 79' lang='grc' dir='ltr'><strong><em>τοῦ,</em></strong></span> <span class='ocrx_word' id='word_1_259' title='bbox 337 3860 366 3912; x_wconf 89' lang='lat' dir='ltr'><strong><em>p.</em></strong></span> <span class='ocrx_word' id='word_1_260' title='bbox 378 3847 467 3913; x_wconf 65' lang='lat' dir='ltr'><strong><em>sm</em></strong></span> <span class='ocrx_word' id='word_1_261' title='bbox 487 3839 605 3919; x_wconf 77' lang='grc' dir='ltr'>τούτου]</span> <span class='ocrx_word' id='word_1_262' title='bbox 626 3842 808 3918; x_wconf 57' lang='lat' dir='ltr'><strong><em>commus</em></strong></span> <span class='ocrx_word' id='word_1_263' title='bbox 817 3842 1108 3914; x_wconf 36' lang='lat' dir='ltr'><strong><em>Nummum&amp;</em></strong></span> 
     </span>
    </p>
   </div>
   <div class='ocr_carea' id='block_1_7' title="bbox 0 0 1219 4236">
    <p class='ocr_par' dir='ltr' id='par_1_12' title="bbox 0 0 1219 4236">
     <span class='ocr_line' id='line_1_33' title="bbox 0 0 1219 4236; baseline 0 0"><span class='ocrx_word' id='word_1_264' title='bbox 0 0 1219 4236; x_wconf 95' lang='lat' dir='ltr'><strong><em> </em></strong></span> 
     </span>
    </p>
   </div>
  </div>
 </body>
</html>
