2414 4236
216 471 373 542 scnom
391 490 431 542 ω
447 488 724 543 ammom
740 489 882 542 mauu
896 491 932 543 11.
1019 488 1083 555 231

66 628 309 716 σνντεθήσεται
335 628 372 697 δὲ
401 629 521 708 οὕτως·
558 629 628 697 ἐπεὶ
655 627 693 698 τὸ
721 626 788 699 ὑπὸ
817 639 886 699 τών
909 637 991 716 ΑΒ,
1015 638 1086 699 ΔΕ

67 745 148 805 ἴσον
170 736 239 804 ἐστὶ
260 738 307 827 τῷ
331 760 366 804 τε
388 733 454 804 ὑπὸ
480 741 561 819 [τῶν
585 741 663 821 ΔΕ,
683 740 752 804 ΑΓ
768 737 838 821 καὶ]
861 746 908 823 τῷ
927 733 992 805 ὑπὸ
1016 740 1084 805 τών

66 849 155 928 ΔΒ,
179 847 257 929 ΒΓ,
289 850 345 929 ίση
374 842 412 911 δὲ
439 838 460 930 ἡ
484 849 556 909 ΛΕ
580 844 619 928 τῇ
645 847 721 927 ΒΓ,
753 840 792 910 τὸ
819 841 885 930 άρα
916 839 982 911 ὑπὸ
1015 846 1084 911 τῶν

66 955 148 1034 ΑΒ,
171 953 238 1015 ΒΓ
261 955 337 1016 ίσον
361 947 430 1016 ἐστὶ
457 957 504 1039 τῷ
527 973 561 1015 τε
584 944 650 1015 ὑπὸ
673 950 742 1015 τῶν
765 953 846 1033 ΑΓ,
870 953 931 1015 ΓΒ
958 947 1014 1015 καὶ
1037 951 1083 1039 τῷ

64 1051 132 1122 ὑπὸ
161 1057 231 1122 τών
259 1060 336 1139 ΓΒ,
360 1061 437 1122 ΛΕ.
482 1055 521 1121 τὸ
549 1052 588 1121 66
619 1050 686 1121 ὑπὸ
713 1057 782 1122 τών
810 1059 888 1138 ΓΒ,
911 1061 982 1122 ΑΒ
1007 1063 1084 1122 ἴσον
1121 1077 1139 1128 5

64 1160 136 1228 ἐστὶ
157 1164 204 1250 τῷ
228 1157 294 1229 άπὸ
316 1164 376 1246 τῆς
398 1165 469 1229 ΓΒ.
507 1158 545 1228 τὸ
568 1158 635 1247 άρα
657 1157 723 1228 ὑπὸ
747 1163 817 1227 τῶν
834 1165 907 1245 AB,
925 1165 988 1227 ΒΓ
1007 1168 1084 1229 ίσον

64 1266 138 1334 ἐστί
160 1270 207 1359 τῷ
231 1293 266 1334 τε
288 1265 355 1335 ὑπὸ
378 1270 447 1334 τῶν
469 1271 549 1352 ΑΓ,
572 1270 634 1334 ΓΒ
663 1265 732 1350 [καί
754 1270 813 1358 τῷ]
842 1265 907 1333 άπό
930 1269 990 1352 τῆς
1014 1272 1084 1335 ΓΒ.

68 1370 194 1440 ἕστω“
180 1398 199 1440 ο
221 1398 284 1458 μεν
305 1369 383 1452 ὅλος
401 1372 599 1458 μονάδων
579 1399 600 1440 ιι
618 1372 673 1440 καὶ
693 1370 914 1502 θιηρήσθωί
883 1398 899 1440 ε
914 1400 931 1453 ς
944 1370 1084 1453 ἀνίσους

64 1485 115 1558 είς
138 1503 173 1545 τε
195 1476 256 1546 τὸν
280 1505 315 1564 ιγ
337 1477 447 1546 καὶ
415 1504 477 1546 τον
501 1471 524 1560 ξ.
573 1478 713 1564 λίγω,”
694 1505 742 1547 οτι
769 1475 876 1547 ὀὺπό
899 1482 961 1547 τοῦ
983 1505 1003 1546 ιι
1026 1479 1082 1546 καί

64 1587 129 1651 τοῦ
153 1592 169 1665 ζ
189 1584 424 1672 περιεχόμενος
453 1593 524 1664 ἴσος
551 1584 620 1652 ἐστὶ
647 1588 692 1675 τῷ
716 1610 752 1653 τε
778 1581 844 1652 ὑπὸ
870 1588 939 1653 τών
961 1590 997 1671 ι“γ
1024 1585 1081 1653 παλ
1102 1607 1136 1657 10

63 1691 134 1757 τών
158 1696 175 1772 ζ
194 1692 418 1782 περιεχομένῳ
442 1688 643 1781 ὀρθογωνίῳ
663 1690 746 1774 [καὶ]
770 1695 817 1759 ἔτι
836 1700 883 1784 τῷ
901 1687 1046 1760 ἀπὸτοῦ
1063 1682 1083 1774 ξ

62 1795 274 1888 τετραγώνῳ.
305 1794 682 1865 πεπολλαπλασιάσθω
668 1823 686 1865 ο
700 1823 720 1864 ιι
703 1794 835 1864 ἐπὶ
801 1823 864 1865 τον
878 1803 902 1879 ζ
928 1802 1082 1883 γίνονται

62 1906 110 1990 ρ“μ
134 1902 288 1989 μονάδες.
341 1907 388 1969 ἔτι
414 1900 800 1972 πεπολλαπλασιάσθω’
785 1930 804 1972 ο
828 1894 848 1985 ξ
866 1900 920 1992 ἐφ’
946 1902 1081 1973 ἑαυτόν·

62 2013 218 2114 γίνονται
241 2010 386 2096 μονάδες
408 2000 466 2096 μ’θ.
505 2014 761 2095 σνγκείσθωσαν
784 2009 856 2079 ὅτε
874 2007 941 2078 ὑπὸ
959 2013 1082 2095 τώνῆ

62 2114 120 2182 καί
144 2105 440 2202 ’ζπεριεχόμενμς
466 2112 630 2202 ἤγοννΓ
616 2120 727 2204 οηΤα]
756 2111 851 2182 καὶ
837 2142 856 2183 ο
878 2113 944 2184 άπὸ
967 2118 1030 2184 τοῦ
1055 2121 1080 2198 ξ,
1101 2138 1135 2188 ιο

62 2217 102 2300 ὅς
135 2222 204 2288 ἐστι
236 2230 299 2309 μθ
341 2226 492 2307 γίνονται
526 2218 613 2307 όμοῦ
640 2223 694 2308 ρ’μ.
743 2211 787 2305 ήν
816 2220 853 2289 66
881 2218 980 2287 καὶ
965 2247 983 2288 ο
1013 2217 1080 2289 ὑπὸ

61 2336 125 2393 τοῦ
152 2353 173 2393 τι
199 2327 254 2394 καὶ
282 2331 344 2395 τοῦ
369 2320 385 2408 ξ
410 2324 648 2456 περιεχόμενος
675 2332 748 2404 ίσος
775 2328 820 2416 τῷ
849 2320 914 2392 ὑπὸ
947 2329 1017 2393 τών
1046 2352 1081 2411 ιγ

60 2434 118 2500 καὶ
144 2425 235 2514 {naz
260 2436 307 2501 ἔτι
330 2442 376 2526 τῷ
400 2430 465 2501 άπὸ
488 2435 549 2500 τοῦ
574 2424 817 2558 ξτετραχώνρι.

131 2542 183 2608 25.
219 2543 327 2608 Τοῦτο
350 2502 479 2626 λέγει’
462 2566 483 2626 η
507 2538 682 2626 πρότασις,
706 2534 757 2605 ότι
780 2541 964 2624 τμηθείσης
986 2531 1080 2616 τινός

60 2641 248 2730 εὐθείας*
225 2671 271 2724 ως
284 2651 411 2733 ἔτυχεν,
432 2649 479 2725 είς
493 2644 557 2712 660
571 2643 723 2732 τμήματα
737 2641 777 2711 τὰ
791 2642 912 2732 ταύτης
925 2642 1078 2732 τμήματα
1097 2668 1133 2718 20

61 2750 264 2837 ποιήσουσιν
286 2748 308 2840 ή
327 2752 519 2839 τετράγωνα
536 2746 558 2838 ή
578 2749 784 2836 ὀρθογώνια,
806 2750 999 2838 τετράγωνα
1017 2749 1079 2837 μὲν

63 2854 223 2940 ἑκάτερον
241 2860 313 2947 ίὸίηι
331 2856 528 2943 αὐξόμενον,
552 2854 748 2944 ὀρθογώνια
768 2856 805 2924 66
823 2854 1079 2944 συμπλεκόμενα

63 2959 231 3046 ἀλλήλοις.
274 2964 515 3051 σνμπλεκέσθω
537 2966 623 3048 γοῦν
650 2962 706 3030 καί
728 2967 927 3031 ποιείτωσαν
948 2961 989 3030 τά
1014 2962 1078 3031 660

61 3067 215 3156 τμήματα
241 3065 456 3156 ὀρθογώνιον
485 3069 538 3154 ἕν,
570 3069 626 3136 καί
656 3068 798 3154 ληπτέον
830 3066 933 3136 πάλιν
964 3065 1078 3137 αότών

61 3172 211 3263 θάτερον
237 3175 293 3243 καὶ
320 3179 454 3243 ποιείτω
482 3173 703 3262 τετράγωνον.
748 3171 913 3260 ληφθήτω
935 3174 991 3242 καί
1015 3171 1076 3262 όλη
1095 3196 1131 3247 εσ

60 3277 82 3367 ἡ
112 3280 230 3350 εὐθεῖα
257 3280 313 3348 καί
342 3283 379 3348 ἓν
406 3284 517 3368 τμῆμα
549 3277 586 3348 τὸ
614 3282 760 3365 ποιῆσαν
786 3277 820 3346 τί
855 3280 1077 3367 τετράγωνον,

60 3386 117 3453 καὶ
148 3392 351 3456 ποιείτωσαν
382 3385 605 3474 ὀρθογώνιον.
656 3390 748 3453 ἔσται
775 3387 877 3471 γοῦν,
907 3391 1006 3473 φησί,
1036 3384 1075 3456 τὸ
1168 3412 1172 3419 ’

132 3587 176 3636 26.
195 3579 285 3641 b¹B⁸.

132 3762 157 3813 4
176 3758 259 3842 ΓΒ]
257 3758 355 3816 ΓΕΒ
411 3765 436 3815 ‘1
454 3757 516 3830 ΓΒ]
532 3757 806 3884 (Fiam-‚BN
805 3761 830 3811 9
850 3756 1073 3847 ιγ]ιιωτεεΓ

99 3834 140 3883 10
160 3829 201 3900 ιγ]
222 3850 230 3885 ι
250 3829 280 3884 in
298 3829 402 3886 rasNJF
476 3835 518 3888 26.
562 3831 608 3886 ont
624 3846 695 3901 γονν
715 3825 772 3886 ἀεὶ.
790 3822 977 3901 όλλήλοιςθ
