2414 4236
213 531 368 585 scflom
386 534 425 587 IN
443 531 718 585 ELEMENTORUM
734 530 874 583 LIBRUM
887 531 921 585 X.
1006 527 1070 592 441

57 670 206 760 άρνδμδς
223 671 306 760 πρὸς
324 671 544 801 τετράγωνον.
576 671 620 761 μή
640 677 729 760 ἔχειν
747 672 785 742 66
802 671 886 760 πρὸς
906 669 1073 758 ἀλλήλους

57 777 201 867 ἀριθμοὶ
220 775 427 864 λέγονται,“
410 806 451 847 ον
468 781 676 866 τετράγωνος
694 777 842 867 άρνδμδς
859 778 943 865 πρὸς
960 777 1073 864 τετρά-

57 913 182 973 γωνον,
207 883 289 954 ὅταν
312 885 428 972 μηδεὶς
451 886 550 973 μέσος
573 883 745 972 άνάλογον
768 888 848 973 ἐμπί
846 910 972 975 πτή,ο
954 879 1068 954 οἷον
1053 912 1071 953 ο

59 992 139 1060 δέκα
162 990 247 1079 πρὸς
268 989 329 1059 τὸν
348 983 370 1060 δ
394 991 456 1061 οὐκ
474 989 595 1080 66⁸0,u
577 1018 618 1060 ον
636 991 844 1080 τετράγωνος
861 989 945 1078 πρὸς
962 990 1073 1078 τετρά-

57 1125 186 1186 γωνον,
216 1095 338 1167 06666
320 1097 489 1187 οζπρὸς
512 1099 574 1169 τὸν
597 1092 761 1169 αὐτὸνδ
800 1097 883 1168 ὁδέ
902 1125 940 1185 γε
963 1087 994 1167 6
1016 1099 1073 1167 καὶ
1109 1108 1126 1159 ὅ

59 1205 127 1274 6
93 1225 127 1276 ις
144 1202 229 1292 πρὸς
240 1204 301 1273 τὸν
317 1209 337 1273 6
356 1204 461 1292 λόγον
476 1203 661 1292 ἔχουσιν,“
642 1233 684 1275 ον
701 1205 910 1293 τετράγωνος
927 1203 1074 1293 άονδμὸς

58 1309 142 1398 πρὸς
159 1309 384 1399 τετράγωνον·
408 1311 563 1442 μέσος
526 1340 590 1442 γμρ
609 1338 670 1380 του
655 1312 746 1399 μὲν
760 1304 782 1381 6
800 1314 857 1382 κοιλ
874 1322 901 1381 6
925 1314 1074 1402 ἐμπίπτει

59 1415 360 1505 δξάνάλογον’
338 1445 383 1498 ως
405 1417 423 1487 6
447 1409 475 1488 6
496 1419 580 1507 πρὸς
601 1420 663 1489 τὸν
687 1424 716 1504 ξ,
741 1411 839 1500 οὗτος
861 1419 945 1551 πμὸς
962 1407 1074 1496 τὸνδ,

59 1527 120 1593 τοῦ
144 1524 181 1592 66
204 1517 227 1593 6
247 1527 360 1594 κάλ’
327 1550 359 1599 ις
384 1524 461 1613 66·
499 1524 544 1606 ὥς
565 1524 630 1613 γάρ
655 1523 673 1594 6
699 1531 732 1598 ι”ς
754 1526 839 1613 πρὸς
860 1525 921 1595 τὸν
943 1538 981 1613 6,
1009 1524 1074 1613 66

59 1628 142 1718 πρὸς
164 1629 225 1699 τὸν
244 1624 277 1700 6.
322 1633 379 1700 καὶ
402 1635 439 1701 ac
459 1632 521 1720 μὲν
544 1633 639 1719 μήκει
663 1631 846 1720 σύμμετροι
869 1629 945 1714 ἐξ’
926 1631 1075 1718 ανάγκης
1094 1638 1128 1688 10

58 1737 115 1804 καὶ
138 1738 246 1824 ῥηταί,
270 1735 322 1806 ὅτι
344 1739 399 1806 κοιλ
424 1738 567 1825 δυνάμει
591 1737 789 1826 σύμμετροι,
812 1742 851 1808 αλ
871 1739 909 1809 66
932 1738 1074 1826 δυνάμει

60 1841 242 1932 σύμμετροι
265 1845 361 1931 ῥηταὶ
385 1844 447 1931 μὲν
471 1843 527 1913 διά
550 1843 588 1912 τὸ
611 1843 652 1912 τὰ
672 1841 729 1913 ἀπ’
751 1843 865 1915 αὐτῶν
883 1845 1075 1933 τετράγωνοι

60 1948 232 2037 σύμμετροι
260 1947 363 2036 εἶναι,
396 1949 437 2019 οὐ
464 1950 532 2038 μὴν
559 1952 615 2019 καὶ
647 1951 745 2039 μήκει
778 1951 970 2041 σύμμετροι.
1019 1952 1075 2021 κοιλ

59 2054 214 2124 καθόλου
247 2058 285 2124 αλ
313 2061 418 2125 πάσοιι
446 2057 628 2145 σύμμετροι
656 2055 804 2143 εὐθεῖαι,
838 2067 903 2127 ελτε
934 2058 1075 2145 δυνάμει

60 2160 169 2248 μόνον
196 2162 382 2248 σύμμετροί
406 2166 493 2230 εἰσιν
520 2170 586 2231 εἴτε
617 2162 674 2230 καὶ
706 2161 802 2249 μήκει
834 2165 890 2232 κάλ
921 2165 1075 2252 δυνάμει,
1094 2169 1127 2220 1⁶

61 2268 159 2355 ῥηταὶ
187 2270 369 2337 ἐκαλοῦντο
398 2268 482 2356 πρὸς
515 2279 583 2338 τῶν
615 2272 778 2337 παλαιάν.
825 2272 860 2338 ἐκ
889 2269 926 2339 δὲ
953 2271 1076 2339 τούτου

61 2379 184 2462 δήλου,
210 2372 261 2444 ὅτι
283 2377 324 2444 τὰ
348 2377 474 2463 μεγέθη
498 2374 539 2444 τὰ
561 2373 644 2462 πρὸς
667 2373 795 2462 άλλήλα
817 2374 922 2461 λόγον
946 2379 1076 2461 ἔχοντα,

63 2479 104 2550 δν
128 2479 273 2570 ἀριθμὸς
295 2481 380 2570 πρὸς
398 2481 562 2571 ἀριθμόν,
585 2482 640 2550 καὶ
661 2480 745 2569 ῥητά
762 2484 864 2566 ἐστιν,
889 2477 931 2549 06
949 2479 1017 2567 μὴν
1036 2479 1076 2548 τά

63 2587 147 2676 ῥητά
174 2589 231 2656 καὶ
253 2587 357 2675 λόγον
381 2593 447 2677 ἔχει
469 2587 555 2676 πρὸς
577 2587 721 2675 άλλήλοι,
749 2584 791 2656 δν
819 2585 967 2674 ἀριθμὸς
993 2586 1078 2672 πρὸς

62 2692 221 2783 άρνδμόν.
258 2699 318 2782 τῆς
340 2695 405 2783 γάρ
426 2692 611 2774 ὀκτάποδος
628 2697 683 2763 καὶ
704 2695 865 2776 ἕξάποδος
883 2696 921 2762 αλ
936 2694 1077 2779 πλευραὶ
1096 2699 1131 2749 20

66 2804 162 2890 ῥηταὶ
186 2805 248 2889 μέν
272 2806 359 2870 εἰσιν
384 2799 428 2882 ὥς
453 2803 596 2889 δυνάμει
620 2801 812 2890 σύμμετροι,
835 2799 940 2888 λόγον
959 2799 996 2869 δὲ
1016 2797 1077 2869 οὐκ

63 2914 213 2995 ἔχουσιν,
242 2905 283 2977 δν
307 2905 454 2995 ἀριθμὸς
475 2907 560 2996 πρὸς
583 2906 749 2995 ἀριθμόν,
778 2913 846 2976 ἐστι
875 2906 912 2975 δὲ
935 2910 994 2993 τής
1016 2906 1077 2993 μὲν

63 3014 250 3096 ὀκτάποδος
281 3012 302 3102 ή
331 3013 458 3103 πλευρά
493 3017 556 3083 δύο
584 3020 634 3102 66
658 3007 724 3102 μή,
756 3024 815 3101 τῆς
847 3013 884 3083 66
916 3011 1078 3096 δξάποδος

61 3129 84 3210 β
107 3127 146 3196 ιῖξ
169 3127 222 3209 ν’ή.

133 3232 186 3297 40.
217 3226 276 3309 Ὡς
294 3229 345 3297 ἐπὶ
365 3255 426 3297 του
410 3231 480 3295 ῖδ
497 3229 607 3297 καλδ·
629 3227 731 3315 άφελε
750 3225 814 3314 γάρ
834 3224 895 3296 τὸν
920 3225 1079 3295 ἐλάττονα
1097 3229 1131 3282 2⁵

66 3332 133 3403 άπὸ
147 3361 207 3402 του
192 3333 407 3421 μείζονος”
386 3360 493 3421 ηγουν
507 3328 637 3403 τδνδ’
618 3335 684 3402 απδ
699 3360 760 3403 του
745 3337 823 3420 ῖδ,
835 3332 890 3401 καὶ
905 3333 1071 3419 μένουσι·
1055 3360 1080 3420 ε,

67 3446 104 3510 οἳ
134 3440 211 3510 οὔτε
239 3440 298 3510 τὸν
323 3434 353 3509 6
385 3439 461 3509 οὔτε
488 3440 550 3510 τὸν
577 3445 617 3509 ῐδ
644 3445 811 3528 μετροῦσι.
860 3436 964 3526 άφελε
994 3437 1035 3506 τά
1063 3466 1079 3509 ε

64 3545 131 3616 άπὸ
154 3552 279 3632 τοῦδ,
306 3548 361 3615 καὶ
385 3534 576 3634 μένειδ,
566 3546 604 3628 δς
627 3547 669 3616 06
698 3561 811 3635 μετρεῖ
830 3539 949 3616 τὸνθ
994 3533 1081 3614 τδιδ

134 3731 177 3782 40.
196 3726 242 3781 V⁴.

141 3892 184 3941 23.
204 3881 375 3958 ὀκτάποδες]
394 3885 502 3957 scripsi,
520 3877 644 3953 άντάδος
662 3903 693 3960 q.
