2414 4236
353 481 626 536 murmurarunt
643 483 753 535 mana
771 485 828 537 xv.
1051 485 1097 550 45

84 624 205 690 festum
216 627 276 708 eet,
288 624 470 710 triangulos
485 625 673 692 octaedrnm
687 626 862 692 efficientes
877 628 1095 713 aequilaterae

85 753 171 815 θεοῦ,
193 753 270 796 nam
294 731 405 797 eadem
428 729 586 819 ratione¹)
610 732 913 799 demonstrabimus.

149 925 193 991 In
218 925 347 993 datum
370 926 594 993 octaedrum
617 928 752 992 cubum
776 928 999 995 inscribere.

149 1031 328 1098 Sumantur
349 1037 397 1116 H,
420 1037 462 1117 Θ,
486 1036 533 1117 Κ,
556 1037 587 1099 Λ
615 1037 726 1099 centra
754 1034 946 1099 circulorum
974 1035 1095 1100 circum

79 1138 266 1223 triangulos
280 1145 312 1203 A
316 1141 388 1222 ΒΓ,
401 1143 434 1202 Α
438 1141 510 1223 ΓΑ,
524 1142 632 1222 ΑΒΕ,
646 1145 679 1203 Α
684 1143 754 1204 ΔΕ
770 1141 1096 1224 circumscriptorum,

537 1248 570 1310 et
588 1244 747 1309 ducantur
761 1249 837 1330 ΗΘ,
850 1249 927 1327 ΗΚ,
942 1251 1011 1328 ΘΑ,
1022 1250 1094 1311 ΑΚ.

537 1350 618 1435 dica,
642 1354 783 1416 ΗΘΚΛ
804 1353 996 1436 quadratum
1016 1374 1095 1416 ease.

537 1456 698 1522 ducantur
712 1478 770 1540 per
783 1462 827 1542 Η,
842 1463 878 1542 Θ,
892 1462 933 1541 Κ,
950 1463 979 1522 Α
998 1458 1095 1522 rectis

402 1596 426 1649 0
537 1566 607 1645 ΒΓ,
630 1566 705 1647 ΒΕ,
727 1566 803 1647 ΓΔ,
827 1569 897 1628 ΔΕ
920 1565 1096 1646 parallelae

294 1652 295 1655 Ἴ
538 1673 580 1732 M
584 1672 620 1753 0,
632 1674 719 1753 ΜΝ,
733 1672 808 1755 ΝΞ,
821 1671 891 1744 ΞΟ.
914 1672 980 1734 iam
995 1692 1094 1756 quon·

535 1775 601 1839 iam
639 1778 822 1863 triangulus
853 1779 956 1843 ΑΒΓ
987 1778 1095 1862 aequi-

536 1882 659 1948 laterus
683 1887 747 1967 est,
771 1889 861 1950 recta
884 1885 924 1949 ab
949 1890 981 1947 A
1003 1882 1044 1947 ad
1067 1888 1096 1948 Θ

408 2054 419 2075 ;
537 1992 682 2052 centrum
724 1990 835 2055 circuli
879 1991 1001 2056 circum
1038 1990 1095 2055 tri·

538 2096 690 2180 angulum
725 2099 828 2161 ΑΒΓ
859 2097 1095 2181 circumscripti

537 2203 693 2287 angulum
726 2201 767 2266 ad
799 2210 830 2267 Α
864 2204 1008 2287 positum
1039 2204 1096 2267 tri·

537 2308 649 2392 anguli
684 2310 787 2372 ΑΒΓ
812 2308 847 2372 in
879 2309 958 2373 duae
985 2313 1096 2392 partes

536 2415 687 2498 aequales
720 2413 844 2478 diuidit.
898 2436 995 2497 quare
1029 2417 1096 2478 ΝΘ

472 2501 504 2560 A
536 2550 579 2573 =
592 2525 671 2586 ΜΘ.
695 2520 806 2585 eadem
826 2521 977 2585 decanea
996 2521 1096 2586 etiam

535 2629 575 2689 H
581 2630 609 2689 0
629 2657 671 2679 --
690 2630 780 2691 ΜΗ.
844 2627 954 2713 itaque
995 2629 1095 2693 etiam

536 2737 613 2797 ΘΜ
624 2763 665 2786 ==
680 2733 772 2816 ΗΜ,
812 2736 964 2819 quoniam
996 2737 1094 2799 etiam

538 2843 755 2905 OM==MN.
779 2844 812 2904 et
831 2845 1094 2916 LHMdlrectus

536 2949 594 3011 est.
627 2945 709 3011 unde
725 2947 933 3013 manifestum
948 2953 1007 3031 eat,
1024 2969 1095 3012 esee

535 3051 780 3138 He=HK.²)
814 3053 1095 3119 eademdecausa

83 3161 185 3227 etiam
221 3157 374 3243 reliquae.
432 3159 499 3225 iam
541 3159 694 3244 quoniam
730 3163 885 3224 ΗΘΚΛ
926 3160 1097 3244 parallelo·

82 3287 265 3353 graminum
292 3268 350 3349 est,
373 3265 409 3330 in
432 3286 498 3330 uno
520 3266 621 3350 plano
644 3266 787 3349 positum
810 3268 861 3330 est
885 3264 954 3350 [XL
978 3268 1021 3346 7].
1064 3272 1097 3331 et

82 3373 238 3457 quoniam
261 3375 396 3456 uterque
414 3375 537 3456 ΗΘΜ,
555 3375 594 3436 N
595 3375 660 3437 ΘΑ
682 3371 813 3436 dimidia
834 3393 910 3455 pars
934 3378 984 3437 est
1007 3374 1096 3453 recti,

83 3478 183 3545 etiam
207 3478 352 3564 reliquus
377 3481 481 3543 ΗΘΛ
508 3483 616 3544 rectus
640 3482 703 3562 θεὲ,
737 3482 769 3542 et
793 3478 943 3542 similiter
971 3480 1096 3565 reliqui.

157 3691 182 3756 1)
211 3686 290 3743 Haec
313 3687 386 3743 ratio
409 3687 439 3742 in
465 3670 583 3758 prop]
612 3705 646 3742 ex
667 3688 740 3742 calta
763 3704 824 3742 esee
845 3688 956 3757 debuit3
985 3690 1033 3745 aed
1057 3690 1097 3745 ibi

84 3759 132 3814 nel
152 3759 262 3815 scribae
280 3758 328 3813 uel
346 3757 490 3830 scriptoria
509 3759 579 3813 uitio
598 3777 626 3812 m
656 3774 671 3812 a
690 3757 789 3813 habita
806 3763 855 3813 eat.

154 3835 182 3903 2)
202 3829 267 3886 Dici
285 3828 391 3897 debuit,
410 3845 471 3885 erae
489 3831 574 3886 etiam
594 3832 653 3887 OK
660 3856 693 3878 =
703 3831 763 3893 ΚΞ
772 3857 807 3880 =
820 3835 888 3904 ΗΟ.
