2414 4236
218 499 374 551 scnom
393 500 431 550 ιιι
449 500 724 552 ωιωυιιιιτοιιοιι
741 500 881 553 mun
894 500 940 551 vl.
964 473 978 499 ⁶
1025 495 1088 561 327

75 640 233 728 ἑξήκοντα
256 638 321 725 γάρ
344 639 399 706 καὶ
421 637 612 724 τριάκοντα,
636 637 655 707 ὅ
670 639 796 708 ἐστιντὸ
811 640 915 727 ἥμισυ
929 637 1089 725 μονάδος,

77 746 287 833 ἐνενήκοντα.
319 747 373 812 καλ
393 745 495 813 πάλιν
509 750 784 814 πολυπλασίασου
800 743 838 814 τὸ
849 744 893 825 lL'
906 743 991 831 πρὸς
1003 742 1040 813 τὸ
1055 745 1089 830 γ’

76 853 133 921 καὶ
152 852 222 921 εἰπὲ
242 849 360 931 οὕτως·
384 849 470 932 άπαξ
488 849 526 920 τὸ
545 851 580 939 γ’
594 853 636 938 γ’·
659 857 774 938 τρίτον
793 850 830 919 δὲ
844 850 994 937 μονάδος
1007 850 1046 920 τά
1061 857 1089 919 ιἰ.

75 966 203 1046 γίνεται
226 952 289 1026 οὖν
313 956 393 1043 μετά
416 967 485 1025 τῶν
509 957 711 1044 ἐνενήκοντα
733 963 777 1045 ᾗ.
815 958 872 1024 καὶ
895 957 996 1025 πάλιν
1019 957 1090 1026 είπδ

74 1063 353 1144 πολυπλασιάζων
370 1063 425 1129 καὶ
444 1063 482 1130 τὸ
502 1061 607 1147 ἡμισυ
625 1062 709 1147 πρὸς
721 1062 760 1130 τὸ
776 1061 821 1148 γ’,
845 1059 955 1149 ὥσπερ
970 1064 1088 1132 ἐπολυ-
1125 1086 1142 1134 b

73 1175 260 1250 πλασίασας
278 1171 333 1236 καὶ
352 1168 391 1236 τὸ
410 1165 505 1252 άπαξ,
525 1169 581 1236 καὶ
600 1168 670 1236 εἰπὲ
691 1168 810 1248 οὕτως·
832 1165 989 1256 ἡμισάκις
1001 1167 1039 1237 τδ
1054 1169 1089 1255 γ’

74 1281 123 1357 τίς
144 1276 203 1345 τὸν
227 1283 248 1343 ἆ
272 1277 340 1344 ἐστι
364 1280 392 1342 ῖ.
437 1273 493 1341 καὶ
515 1273 664 1361 πρόσθες
686 1278 792 1342 ταῦτα
813 1287 883 1354 τοῖς
905 1279 941 1362 ᾗ
962 1275 1018 1343 καὶ
1041 1281 1090 1361 γί-

73 1408 167 1452 νεται
191 1389 245 1469 bi·
268 1380 380 1466 ὥσπερ
398 1379 463 1466 γάρ
482 1385 596 1467 τρίτον
611 1384 680 1448 τῶν
699 1384 715 1462 ξ
737 1381 777 1449 τὰ
796 1386 828 1464 ι’τ,
851 1377 959 1461 οὕτως
974 1385 1091 1468 τρίτου

72 1487 178 1576 ἥμισυ
204 1487 277 1575 ἡτοι
306 1489 403 1555 ἕκτον
429 1483 470 1554 τά
492 1491 518 1554 ῖ.
564 1487 620 1553 καὶ
647 1492 775 1572 γίνεται
798 1491 854 1572 ρΤι,
886 1484 908 1554 ά
940 1488 1009 1556 ἐστι
1041 1490 1088 1554 δι-

73 1595 199 1662 πλάσια
226 1598 287 1662 τοῦ
314 1585 340 1676 8.
395 1597 427 1661 εί
458 1593 496 1661 δὲ
527 1590 747 1678 ἀναβιβάσας
777 1592 817 1660 τά
849 1597 906 1678 ρ’ῐ,
936 1593 992 1660 καὶ
1025 1591 1088 1660 δύο
1110 1616 1142 1665 ιο

72 1704 179 1770 ταῦτα
201 1699 363 1787 ποιήσεις,
388 1697 433 1766 δι’
455 1690 497 1766 οὗ
521 1696 539 1766 ὁ
564 1698 740 1778 διπλάσιος
762 1697 862 1785 λόγος
885 1700 1089 1783 ἐμφαίνεται.

141 1811 170 1876 6.
218 1811 287 1875 Τοῦ
315 1804 517 1893 σοφωτάτου
545 1805 705 1891 Μαξίμου
736 1809 797 1872 τοῦ
825 1803 1010 1891 Πλανοάδη
1043 1809 1091 1885 είς

71 1912 133 1981 τὸν
157 1911 240 1997 όρον
262 1915 325 1979 τοῦ
348 1910 380 1990 ς’
405 1909 465 1978 τδυ
490 1909 590 1996 λόγοςΙ
617 1914 653 1978 ἐκ
676 1910 797 1997 λόγων.
842 1912 1014 1979 τουτέστιν
1038 1908 1090 1980 ὅτι

71 2029 137 2098 πᾶς
160 2018 259 2103 λόγος
280 2018 336 2085 καί
353 2015 419 2086 ὑπὸ
440 2015 504 2085 δύο
527 2018 583 2084 καὶ
601 2021 706 2100 τριῶν
723 2016 779 2085 καὶ
794 2016 963 2085 πλειόνων
977 2015 1089 2103 λόγων

73 2126 282 2208 συντεθῆναι
301 2124 453 2210 δύναται,
477 2117 554 2192 οἷον
572 2121 590 2192 ὁ
611 2124 785 2201 διπλάσιος
803 2119 821 2189 ὁ
844 2113 992 2207 ι’βτοῦξ
1010 2123 1088 2209 σύγ·
1109 2146 1142 2196 ιο

72 2253 178 2296 κειται
207 2230 243 2296 ἐν
271 2228 333 2296 δύο
361 2229 473 2315 λόγων
502 2231 535 2310 ἐξ
564 2231 732 2315 ἐπιτρίτου
759 2227 816 2295 καὶ
843 2225 1001 2314 ἡμιολίου
1026 2233 1089 2297 τοῦ

70 2360 107 2403 τε
131 2345 153 2420 ἡ
174 2330 259 2421 πρὸς
281 2332 343 2402 τόν
365 2340 386 2407 ξ
406 2335 463 2402 καὶ
485 2341 547 2404 τοῦ
569 2327 606 2422 ἷβ
627 2359 712 2420 προς
729 2345 763 2421 ἦ,
787 2331 958 2419 σύγκειται
977 2333 1015 2402 δὲ
1033 2335 1087 2401 καὶ

72 2443 109 2509 ἐιι
126 2450 231 2524 τριιδν
251 2441 284 2521 ἐξ
299 2441 468 2527 ἐπιτρίτου
480 2452 542 2509 τοῦ
557 2454 579 2528 ἡ
597 2438 680 2524 πρὸς
692 2438 754 2508 τδν
768 2444 788 2512 ξ
804 2439 861 2507 καί
876 2438 1089 2527 ἐπιτετάρτου

71 2556 134 2614 τοῦ
158 2544 277 2633 ῖπρὸς
299 2544 360 2614 τὸν
384 2558 406 2633 ἡ
427 2548 483 2615 καὶ
507 2549 710 2634 ἐπιπέμπτου
730 2549 793 2615 τοῦ
816 2537 854 2633 ἷβ
873 2545 959 2634 πρὸς
980 2544 1043 2613 τὸν
1061 2551 1087 2612 ῖ.

71 2649 231 2732 ὡσαύτως
254 2652 292 2721 δὲ
309 2654 366 2721 καὶ
384 2655 420 2721 ἐκ
438 2654 613 2721 πλειόνων.
650 2656 917 2739 λαμβανομένων
936 2645 1000 2720 οὖν
1018 2656 1087 2719 τῶν
1107 2677 1142 2726 νο

70 2758 286 2846 παρωνύμων
323 2771 394 2838 τοῖς
431 2761 686 2846 συντνδεμένοις
722 2759 836 2845 λόγοις
870 2759 926 2826 καὶ
966 2765 1088 2825 πολλα·

71 2866 345 2950 πλασιαζομένων
372 2862 456 2950 πρὸς
483 2860 650 2951 ἀλλήλους
676 2870 804 2951 γίνεται
832 2861 978 2951 άρνδμὸς
1007 2888 1087 2947 παρ·

72 2968 206 3056 ω’νυμος
227 2973 273 3060 τῷ
297 2971 504 3061 συγκειμένῳ
528 2972 632 3062 λόγω·
669 2965 744 3038 οἷον
767 2972 853 3055 ἐπεί,
881 2966 927 3049 ὥς
948 2977 1088 3058 εἴρηται,

72 3075 243 3160 σύγκειται
266 3073 284 3144 ὁ
309 3076 485 3156 διπλάσιος
507 3078 541 3158 ἐξ
564 3080 732 3164 ἐπιτρίτου
753 3078 809 3144 καλ
830 3073 998 3163 ἡμιολίου,
1022 3082 1088 3165 ἔχει

71 3181 110 3249 δὲ
133 3180 151 3249 ὁ
171 3185 334 3268 ἐπίτριτος
352 3183 439 3263 άπαξ
458 3180 541 3250 ὅλου
563 3184 619 3250 καὶ
637 3184 676 3252 τὸ
690 3188 804 3270 τρίτον
817 3185 878 3251 τοῦ
895 3179 952 3252 ὑπ’
969 3183 1086 3269 αὐτόν,
1104 3207 1139 3256 νο

70 3288 232 3374 λαμβάνω
261 3285 336 3356 ἀντὶ
364 3288 425 3375 μὲν
453 3292 514 3357 τοῦ
542 3285 629 3370 άπαξ
658 3287 792 3377 μονάδα
818 3292 914 3376 μίαν,
945 3285 1021 3357 άντλ
1049 3288 1088 3357 δὲ

70 3397 131 3461 τοῦ
153 3399 269 3480 τρίτου
291 3393 335 3480 γ’.
375 3394 478 3463 πάλιν
502 3395 572 3463 ἐπεὶ
595 3392 613 3463 ό
637 3391 791 3482 ἡμιόλιος
809 3399 876 3482 ἔχει
897 3392 984 3476 άπαξ
1003 3392 1086 3464 όλον

69 3499 126 3566 καὶ
148 3499 186 3568 τὸ
211 3497 315 3586 ἥμισυ
336 3505 399 3569 τοῦ
421 3498 478 3569 ὑπ’
504 3500 627 3587 αὐτόν,
657 3499 819 3587 λαμβάνω
841 3498 918 3571 άντί
940 3500 1003 3588 μὲν
1025 3505 1087 3570 τοῦ

142 3683 167 3732 6,
187 3678 200 3730 t
218 3675 267 3732 fol.
287 3683 347 3734 123.

144 3845 170 3892 1.
189 3834 325 3909 μονάδος]
344 3853 430 3908 supra
448 3855 499 3894 τοι.
518 3835 553 3895 V.
626 3843 654 3896 8.
670 3839 766 3911 τρίτον
781 3868 817 3881 -
829 3839 872 3914 ἢ
885 3852 978 3910 mm
992 3838 1104 3893 w.
