2414 4236
223 468 380 520 senoni
398 470 437 519 ια
455 468 730 522 Εοεωεατοαυιι
747 472 886 524 LIBRUM
898 473 934 527 11.
1020 469 1086 535 223

68 609 201 694 λέγεται
223 605 289 676 ὑπὸ
315 607 378 676 δύο
401 613 470 676 τάν
493 609 555 696 τὴν
579 606 691 696 ὀρθὴν
714 616 842 697 γωνίαν
860 617 1088 699 περιεχουσῶν

71 710 231 798 εὐθειῶν]
260 711 316 780 διὰ
340 719 376 781 τί
395 714 567 801 τεσσάρων
596 712 710 782 οὐσῶν
733 713 879 784 εὐθειῶν
906 721 975 785 τῶν
996 743 1087 807 περι

69 823 222 907 εχονσῶν
245 816 283 888 τὸ
306 820 658 908 παραλληλόγραμμον
682 822 744 889 δύο
769 821 875 908 μόνας
894 822 1085 912 ιόνόμασεν;

71 930 111 995 αί
126 924 191 1014 γὰρ
209 925 272 1013 τὴν
292 923 406 1014 ὀρθὴν
419 933 548 1012 γωνίαν
567 928 780 1014 περιέχουσαι
795 929 857 998 δύο
872 928 974 1016 μόναι
988 934 1056 998 είσί
1080 951 1087 967 ·

69 1037 139 1102 ἔδει
173 1024 236 1101 οὐν
267 1028 289 1119 ἢ
321 1030 387 1101 ὑπὸ
420 1045 490 1101 τῶν
520 1033 579 1113 τὰς
608 1031 718 1121 ὀρθάς
748 1038 853 1102 εἰπεῖν
881 1035 936 1102 καὶ
963 1034 1123 1122 ἐδηλουσ

69 1141 190 1225 πάσας,
208 1135 230 1225 ἢ
244 1141 401 1226 φανερῶς
415 1143 521 1207 εἰπεῖν
535 1137 601 1207 ὑπὸ
616 1139 788 1227 τεσσάρων
802 1138 957 1210 εὐθειῶν.
979 1146 1088 1222 καλῶς

69 1248 127 1316 καὶ
151 1248 372 1331 στοιχειωδῶς
395 1253 535 1333 εἴρηται·
572 1244 699 1334 τὸγὰρ
723 1248 846 1332 μέλλον
868 1249 1027 1334 λέγεσθαι
1051 1252 1088 1318 ἐν

69 1366 141 1433 τοῖς
163 1351 360 1440 θεωρήμασι
384 1351 603 1439 προδιδάσκει
626 1350 725 1439 ἡμᾶς,
750 1350 794 1433 ὡς
818 1362 940 1423 εἴωθεν
963 1358 1000 1424 ἐν
1018 1369 1089 1436 τοϊς

71 1457 165 1543 ὅροις
188 1456 240 1526 άεὶ
263 1471 385 1542 ποιεῖν,
409 1461 467 1525 ἵνα
491 1456 535 1545 μὴ
560 1459 598 1525 ἐν
621 1472 692 1537 τοῖς
709 1458 824 1539 τόποις
847 1461 1088 1548 ταραττόμεθα

74 1563 152 1652 παρ’
177 1562 349 1649 ὑπόληψιν
373 1562 554 1644 ἀκούοντές
580 1590 657 1632 τινα
686 1563 825 1653 ῥήματα.
872 1567 1000 1652 λέγεται
1023 1567 1088 1653 γὰρ
1108 1588 1141 1637 10

71 1673 109 1740 ἐν
132 1675 177 1762 τῷ
203 1676 354 1761 στοιχείῳ
373 1670 481 1762 τούτῳ
500 1674 635 1758 πρῶτον
653 1671 709 1738 καὶ
729 1669 864 1740 οὐδέπω
884 1673 1004 1759 ῥηθεύ·
1030 1672 1089 1742 ἐὰν

73 1774 192 1847 εὐθεῖα
219 1775 354 1864 γραμμὴ
382 1780 512 1864 τμηθῇ,
546 1773 590 1855 ὡς
618 1781 726 1864 ἔτυχε,
758 1776 797 1845 τὸ
831 1774 896 1846 άπδ
924 1783 983 1865 τῆς
1010 1777 1089 1865 ὅλης

74 1883 286 1971 τετράγωνον
306 1891 382 1951 ἴσον
402 1882 470 1950 ἐστὶ
489 1886 535 1975 τῷ
555 1908 589 1949 τε
608 1879 673 1950 ὑπὸ
693 1886 751 1969 τῆς
765 1881 845 1969 ὅλης
858 1883 913 1951 καὶ
933 1885 1089 1973 ἑκατέρου

72 1994 143 2059 τῶν
169 1991 350 2079 τμημάτων
379 1989 602 2078 περιεχομένῳ
633 1985 834 2080 ὀρθογωνίῳ
863 1992 997 2076 [11,2]·
1033 1992 1089 2060 καὶ

72 2102 108 2165 τί
129 2097 190 2183 μέν
212 2093 338 2165 ἔστιτὸ
362 2093 427 2163 άπὸ
451 2098 511 2182 τῆς
534 2098 694 2180 δοθείσης
717 2093 853 2174 εὐθείας
870 2095 1089 2184 τετράγωνον,
1110 2118 1142 2168 16

71 2201 140 2290 ἤδη
163 2208 313 2290 ἔγνωμεν
335 2201 420 2289 πρὸς
441 2205 487 2293 τῷ
511 2202 597 2269 τέλει
620 2205 682 2268 τοῦ
706 2201 741 2266 α’
766 2207 932 2287 στοιχείου
956 2206 997 2288 [1,
1020 2207 1089 2290 46],

72 2310 129 2378 καί
152 2313 219 2377 νῦν
243 2308 281 2378 δὲ
304 2312 423 2394 δῆλον·
459 2304 512 2374 άεὶ
535 2305 600 2393 γάρ
623 2304 661 2374 τὸ
686 2303 752 2374 άπὸ
775 2305 987 2392 τετραγώνου
1010 2306 1088 2376 άνα-

74 2414 212 2504 γραφὴν
227 2419 334 2503 δηλοί.
353 2413 391 2482 τό
407 2415 522 2501 μέντοι
536 2411 602 2481 ὑπο
618 2410 750 2481 οὐδέπω
765 2413 918 2500 οὐδαμοῦ
934 2413 1090 2501 ἐγνώσθη

72 2524 231 2592 τοιοῦτόν
249 2549 281 2589 τι
301 2519 355 2590 όν·
379 2519 432 2588 άεὶ
451 2520 518 2608 γὰρ
537 2546 574 2588 το
595 2517 661 2587 ὐπὸ
680 2522 783 2605 τῆσδε
805 2519 861 2587 καί
883 2523 985 2606 τῆσδε
1002 2544 1090 2608 περι-

74 2628 238 2717 εχόμενον
252 2626 602 2715 παραλληλόγραμμον
622 2631 728 2711 δηλοῖ.
764 2622 830 2694 κάν
844 2626 906 2714 μὲν
921 2636 990 2695 ίσαι
1005 2618 1089 2695 ὦσιν
1110 2646 1144 2696 20

75 2738 114 2803 αί
136 2734 200 2804 δύο
224 2731 372 2819 εὐθεῖαι,
401 2738 578 2820 συμβαίνει
600 2730 639 2801 τὸ
663 2731 1012 2822 παραλληλόγραμμον
1034 2733 1090 2801 καὶ

76 2840 289 2925 τετράγωνον
318 2839 421 2924 είναι,
454 2836 499 2907 άν
523 2839 560 2907 δὲ
584 2837 712 2925 άνισοι,
741 2839 1091 2928 παραλληλόγραμμον

77 2944 281 3033 ἑτερόμηκες.
324 2944 413 3032 πλὴν
436 2943 520 3013 άλλα
544 2941 609 3013 κάν
635 2944 847 3033 τετράγωνον
873 2942 956 3012 αὐτὸ
980 2949 1091 3034 συμβῇ

78 3054 250 3141 γενέσθαι,
273 3051 335 3140 οὐχ
358 3051 404 3133 ὡς
425 3051 637 3138 τετράγωνον
661 3051 853 3120 διδάσκεται
876 3047 992 3138 οὕτως,
1016 3048 1089 3119 ἀλλ’

78 3157 124 3240 ὥς
146 3158 507 3247 παραλληλόγραμμον.
544 3156 671 3238 εὐθέως
693 3160 779 3243 γοῦν
797 3155 835 3225 τὸ
853 3154 919 3226 ὑπὸ
938 3162 996 3245 τῆς
1013 3157 1092 3244 ὅλης
1109 3177 1144 3227 25

77 3267 134 3334 καί
152 3267 311 3352 ἑκατέρου
325 3269 393 3333 τῶν
407 3264 587 3353 τμημάτων
602 3261 756 3333 οὐδέποτ’
773 3259 818 3331 ἂν
831 3264 964 3351 γένοιτο
980 3263 1091 3351 τετρά-

79 3398 191 3459 γωνον
214 3370 345 3440 άνίσων
368 3370 497 3441 τούτων
520 3370 641 3440 όντων.

150 3539 175 3587 4.
195 3529 228 3586 αλ
239 3529 307 3604 γάρ]
326 3526 370 3587 ὅτι
384 3527 437 3586 δάο
453 3528 486 3585 αλ
498 3552 525 3601 μ,
544 3530 630 3597 salem
649 3527 727 3593 λύσις
745 3528 819 3586 enim
834 3530 871 3585 ab
884 3529 934 3584 lin.
947 3536 963 3584 6
978 3530 1092 3585 demum

77 3602 188 3674 incipit.
276 3609 317 3657 12.
342 3597 446 3657 εὐθεῖα
465 3598 591 3674 γραμμή]
611 3597 816 3672 εὐθύγραμμον
835 3601 889 3671 Ε’μ.
977 3608 1019 3657 17.
1043 3601 1093 3656 καὶ

78 3675 132 3729 νῦν
151 3671 183 3730 θλ
203 3673 303 3746 δῆλον]
323 3691 377 3729 om.
397 3694 424 3742 μ.
501 3669 675 3742 ἀπογραφήν
694 3693 721 3742 μ.
801 3677 841 3728 18.
861 3667 974 3727 οὐδέπω
994 3704 1027 3713 -
1049 3679 1092 3729 19.

79 3740 128 3817 ὅτ]
147 3745 236 3801 τόνδε
252 3741 359 3814 ἄδηλον
374 3738 408 3800 δν
423 3742 466 3800 ἔτι
479 3740 666 3812 προδιδάσκει
679 3739 754 3814 ἡμᾶς
768 3737 806 3807 ὡς
821 3739 853 3798 ἐν
867 3738 944 3814 ὅροις
961 3763 988 3814 μ.
1046 3749 1090 3800 24.

77 3809 180 3889 αὐτας]
200 3832 255 3873 oni
275 3837 302 3886 μ.
