2414 4236
203 480 359 533 senom
377 481 416 532 m
434 480 710 535 ELEMENTORUM
727 484 867 534 mmm
879 484 926 536 m
1008 481 1074 546 409

58 619 163 689 αύτοῦ
187 618 338 710 ἀριθμοῦ
357 619 456 700 ὄντος
473 619 623 709 ἀρτιάκις
640 648 674 689 τε
693 620 811 710 ἀρτίου
828 624 884 690 καὶ
903 623 948 710 μὴ
967 622 1074 703 ἄντος.

58 725 217 807 ὡσαύτως
250 727 287 794 δέ
314 728 369 794 καὶ
396 728 471 815 περὶ
499 730 561 795 τοῦ
589 727 846 817 άρτιοπερισσοῦ
874 730 991 798 τεκαὶ
1019 755 1071 798 πε-

58 840 255 924 ρισσαρτίον
282 833 471 914 σκέψασθαι
499 831 602 916 ἄξιον.
648 832 689 901 τά
717 830 802 904 αύτᾶ
828 832 892 921 γὰρ
915 835 971 903 καί
994 837 1070 924 περὶ

57 945 196 1012 ἐκείνων
225 940 312 1026 λέγει
341 937 386 1020 ὡς
415 942 607 1028 δυναμένου
634 939 726 1021 τινὸς
753 938 906 1030 ἀριθμοῦ
936 943 974 1009 έν
1002 958 1072 1024 τοῖς

58 1049 327 1138 ἄρτιοπερισσοῖς
340 1072 375 1114 τε
389 1043 477 1115 είναι
491 1047 546 1114 καὶ
561 1045 606 1135 μὴ
620 1048 675 1115 καὶ
690 1049 727 1116 ἐν
741 1062 811 1129 τοῖς
824 1056 1071 1137 περισσαρτίοις
1107 1074 1123 1124 ε

56 1182 91 1223 τε
117 1152 241 1241 καὶμὴ
270 1153 445 1233 τοιούτοις.
491 1159 578 1222 ἔοικε
604 1152 668 1242 γὰρ
702 1151 720 1223 ὁ
749 1157 935 1242 γεωμέτρης
961 1156 1071 1223 πάντα

58 1257 207 1350 ἀριθμὸν
234 1257 294 1328 τὸν
322 1256 387 1328 ὑπὸ
416 1258 535 1346 ἀρτίου
558 1258 709 1349 ἀριθμοῦ
737 1262 964 1350 μετρούμενον
988 1261 1070 1329 κατὰ

57 1364 174 1454 ἄρτιον
194 1365 343 1456 ἀριθμὸν
363 1364 512 1455 ἀρτιάκις
526 1365 643 1456 ἄρτιον
659 1365 847 1455 ὀνομάζειν,
864 1368 920 1436 καὶ
934 1365 955 1454 ἡ
971 1372 1071 1454 αίτία,

57 1471 109 1542 ὅτι
128 1471 193 1542 ῦπδ
213 1472 331 1560 ἀρτίου
348 1473 432 1542 κατὰ
452 1473 571 1560 ἄρτιον
590 1473 747 1561 ἀριθμόν.
783 1472 867 1565 ἥπερ
887 1472 951 1563 γάρ
971 1473 1072 1556 ἄλλος

56 1587 192 1648 καλοῖτο
208 1578 226 1648 ό
241 1578 307 1649 ὑπὸ
322 1578 441 1669 ἀρτίου
455 1576 606 1667 ἀριθμοῦ
620 1579 845 1668 μετρούμενος
858 1579 941 1650 κατὰ
952 1578 1070 1666 ἄρτιον
1090 1604 1124 1654 10

58 1684 168 1775 ὥσπερ
190 1686 251 1756 τὸν
269 1691 323 1755 ιἰδ·
351 1685 419 1755 ύπο
443 1683 508 1774 γάρ
532 1682 651 1773 ἀρτίου
672 1685 755 1755 κατά
779 1685 898 1775 ἄρτιον
922 1684 1071 1775 ἀριθμὸν

56 1808 231 1881 μετρεῖται.
277 1792 365 1861 διότι
393 1792 430 1861 δὲ
459 1790 602 1860 δύναται
629 1793 685 1859 καὶ
712 1789 778 1861 ὑπὸ
802 1799 965 1882 περισσοῦ
989 1795 1071 1862 κατόι
1118 1786 1120 1791 ’

55 1899 173 1986 ἄρτιον
192 1907 397 1987 μετρεῖσθαι,
417 1897 525 1986 ἤγουν
543 1902 604 1967 τοῦ
619 1898 736 1985 ῦκατὰ
755 1898 816 1968 τὸν
830 1911 863 1988 ἦ,
885 1898 1072 1970 κάντεῦθεν

54 2006 111 2074 καὶ
134 2003 328 2090 περισσάκις
351 2003 465 2092 ἄρτιος
488 2003 699 2091 ὀνομάζεται,
724 2005 780 2073 διδι
804 2011 903 2076 τοῦτο
928 2006 990 2076 οῦκ
1014 2007 1072 2098 ἄρ-

54 2111 162 2191 τιάκις
181 2109 295 2195 ἄρτιος
312 2109 421 2198 μόνον
439 2112 605 2198 κέκληται·
628 2111 751 2180 τούτου
769 2111 834 2199 γὰρ
854 2119 948 2201 ἔλαχε
962 2114 1071 2201 μόνον
1092 2136 1123 2186 15

55 2229 118 2287 τοῦ
138 2214 304 2304 ὀνόματος
318 2213 464 2305 ἀριθμὸς
483 2214 501 2285 ὁ
516 2215 581 2286 ὑπὸ
598 2216 717 2307 ἀρτίου
730 2218 839 2305 μόνον
853 2219 936 2287 κατά
953 2218 1071 2308 ἄρτιον

55 2320 206 2412 ἀριθμὸν
230 2323 461 2411 μετρούμενος.
499 2322 559 2393 τὸν
583 2323 830 2413 αὐτὸντρόπον
848 2326 904 2393 καὶ
923 2321 1071 2414 ἀρτιάκις

55 2429 212 2519 περιττὸν
240 2431 328 2517 λέγει
355 2428 463 2518 μόνον
495 2430 556 2500 τὸν
583 2432 692 2512 ἄλλως
719 2429 764 2520 μὴ
794 2431 986 2518 δυνάμενον
1017 2459 1071 2519 με·

55 2545 210 2625 τρεῖσθαι
237 2531 258 2623 ἢ
287 2534 352 2606 ὑπὸ
383 2535 501 2627 ἀρτίου
528 2536 610 2606 κατά
638 2537 800 2627 περισσὸν
828 2535 993 2626 ἀριθμόν,
1026 2536 1071 2619 ὡς

55 2641 118 2712 τὸν
139 2647 190 2730 ῖδ,
213 2644 269 2711 καὶ
293 2648 340 2711 ἔτι
364 2643 557 2733 περισσάκις
579 2643 696 2733 ἄρτιον
720 2645 827 2733 μόνον
850 2642 910 2714 τὸν
929 2642 995 2714 ὑπὸ
1016 2669 1070 2714 πε·
1089 2670 1124 2720 20

55 2754 176 2836 ρισσοῦ
199 2747 307 2837 μόνον
326 2750 553 2837 μετρούμενον
571 2748 654 2818 κατὰ
673 2749 790 2836 ἄρτιον
809 2747 971 2838 ἀριθμόν,
996 2744 1070 2820 οἷον

56 2853 72 2924 ἱ
100 2861 143 2942 ιῖῑ.
188 2858 243 2925 καὶ
272 2862 395 2943 δῆλον,
428 2857 461 2936 ἐξ
494 2848 543 2922 τόν
576 2852 746 2925 ἀπέδωκεν
779 2854 929 2944 ὁρισμῶν
958 2857 996 2924 έν
1024 2862 1071 2950 τῷ

58 2961 189 3054 ἑβδόμῳ
218 2967 347 3055 βιβλίῳ.
391 2959 481 3040 τινές
513 2960 551 3029 δὲ
578 2989 623 3050 μη
652 2959 819 3050 ἁψάμενοι
849 2974 910 3031 τοῦ
943 2968 1071 3033 σκοποῦ

55 3070 118 3137 τοῦ
155 3065 344 3136 Εὐκλείδου
380 3077 561 3154 πειρῶνται
596 3068 652 3136 καὶ
688 3066 767 3150 τοὺς
804 3067 966 3157 ὁρισμούς
1003 3073 1071 3139 έπι-

57 3177 226 3263 διορθοῦν
250 3171 295 3254 ὡς
312 3176 421 3254 κακῶς
440 3171 721 3262 ἀποδεδομένους,
744 3181 852 3257 κακῶς
871 3177 996 3257 είδότες
1015 3178 1070 3245 καί
1089 3201 1123 3251 τό

55 3280 142 3368 μηδὲ
169 3277 237 3349 ὑπὸ
264 3283 332 3348 τῶν
357 3283 506 3349 ἐνταῦθα
530 3286 646 3369 σαφοῦς
668 3283 858 3369 λεγομένων
886 3282 948 3370 τὴν
971 3282 1070 3352 λύσιν

55 3388 186 3457 τούτων
213 3394 421 3477 πορίσασθαι
454 3386 655 3475 δυνάμενοι,
688 3386 760 3456 ἀλλ’
791 3386 842 3458 ὅτι
874 3387 918 3476 μὴ
948 3386 1071 3476 ὁμοίως

55 3491 280 3564 ἀποδέδονται
303 3508 374 3574 τοῖς
395 3499 457 3562 τοῦ
480 3493 690 3582 Νικομάχου,
713 3494 930 3582 μεμφόμενοι.

130 3839 155 3889 9.
174 3807 312 3903 ἀριθμόν]
328 3832 371 3889 bis
382 3832 414 3904 Δ,
429 3833 478 3888 sed
493 3848 562 3888 corr.
630 3827 719 3908 ''1¹⁷‘le
730 3835 761 3892 et
773 3835 991 3906 mmmm
