2414 4236
219 504 376 558 scnoffl
394 506 433 556 m
451 504 726 557 εεειιεωτοευω
744 503 918 557 mmmm
1007 501 1072 566 199

55 646 193 727 εἰκότως
217 642 236 714 ὁ
260 642 472 732 στοιχειωτής
494 644 705 730 προσέθηκεν
722 642 761 712 τὸ
781 642 836 711 καὶ
856 643 909 710 έπὶ
926 640 967 711 τά
986 639 1072 712 αὐτὰ

57 754 154 841 μέρη,
173 754 292 839 δῆλον·
316 752 370 819 ἐπὶ
389 754 466 836 μιάς
485 747 548 836 γάρ
567 747 697 834 βάσεως
716 756 771 815 έσα
789 753 937 837 τρίγωνα
956 755 1074 836 λαβεῖν

58 856 207 926 δυνατὸν
231 855 270 924 τὸ
293 855 355 942 μὲν
378 856 431 922 ἐπὶ
453 853 533 922 τάδε
555 851 595 922 τά
619 855 714 942 μέρη,
736 854 832 922 τὸδὲ
856 855 909 923 ἐπὶ
931 854 1071 942 θάτερα,

58 962 144 1031 ἀλλά
166 964 299 1041 πάντως
321 964 358 1029 έν
381 974 453 1040 ταῖς
480 957 596 1039 αὐταῖς
619 962 688 1028 ἐστι
716 961 953 1049 παραλλήλοις·
991 960 1072 1031 οὐδὲ

55 1068 123 1157 γάρ
145 1066 213 1137 ὑπὸ
234 1066 274 1135 τὸ
298 1065 379 1135 αὐτὸ
399 1067 485 1148 ὅσιος
504 1068 582 1134 ἐστέ.
613 1070 712 1135 τοῦτο
732 1066 794 1153 μὲν
813 1058 876 1135 οὖν
896 1066 952 1135 διά
970 1072 1071 1137 τοῦτο
1090 1088 1108 1138 σ

57 1176 278 1264 προσέθηκεν.
330 1170 425 1253 ἀξιον
452 1172 508 1239 καὶ
536 1170 574 1239 τὸ
606 1171 668 1258 μέν
701 1171 988 1260 ἐπισημάνασθαι,
1021 1172 1072 1243 ὅτι

55 1285 161 1368 τριῶν
181 1277 294 1348 οὐσῶν
313 1288 374 1366 τῆς
386 1281 455 1347 τῶν
469 1277 699 1364 θεωρημάτων
713 1275 953 1368 ἀντιστροφῆς·
971 1276 992 1367 ἢ
1006 1279 1071 1369 γάρ

58 1385 141 1456 ὅλον
169 1383 382 1473 ἀποστρέφει
411 1382 496 1474 πρὸς
523 1382 621 1470 ὅλον,
654 1383 700 1465 ῶς
721 1383 760 1453 τὸ
788 1384 1072 1455 ὀκτωκαιδέκατον

56 1493 114 1560 καὶ
140 1493 434 1560 ἐννεακαιδέκατον
457 1499 609 1577 εἴπομεν,
639 1487 660 1577 ἢ
690 1488 771 1559 ὅλον
794 1490 877 1581 πρὸς
899 1493 1000 1580 μέρος
1027 1491 1072 1572 ὡς

57 1597 97 1666 τὸ
113 1599 210 1666 ἕκτον
223 1597 276 1664 καὶ
291 1598 451 1684 πέμπτον,
470 1592 491 1682 ή
507 1599 606 1684 μέρος
619 1594 701 1684 πρὸς
720 1595 802 1665 ὅλον
822 1595 867 1677 ῶς
884 1597 922 1666 τὸ
945 1597 1071 1684 ὅγδοον
1092 1616 1126 1667 10

54 1705 114 1771 καὶ
137 1704 303 1792 τέταρτον.
344 1715 482 1772 τοιαῦτα
505 1704 570 1791 γὰρ
593 1703 649 1771 καὶ
671 1706 775 1772 ταῦτα
797 1701 837 1772 τὰ
860 1703 1071 1794 θεωρήματα.

427 1934 484 2000 Ad
507 1957 610 2020 prop.
632 1935 701 2001 XL.

130 2061 205 2127 132.
236 2058 304 2124 Καὶ
327 2057 381 2124 ἐπὶ
404 2056 527 2125 τούτου
549 2060 609 2126 τοῦ
632 2056 668 2144 μ’
692 2056 910 2145 θεωρήματος
933 2055 951 2126 ὁ
971 2056 1071 2138 αὐτὸς

57 2163 183 2253 τρόπος
195 2166 252 2248 τῆς
265 2159 500 2250 ἀναστροφῆς,
519 2162 575 2230 καὶ
589 2161 609 2249 ἡ
625 2159 792 2242 ἀπόδειξις
806 2159 1068 2250 ἀπαράλλακτος,

56 2269 169 2358 ῶσπερ
192 2268 248 2336 καὶ
275 2269 328 2336 ἐπὶ
350 2273 411 2337 τοῦ
435 2268 494 2337 λθ’
519 2269 690 2354 ἐλέγομεν,
718 2266 833 2335 καὶτὸ
859 2276 1070 2355 παραλελειμ·
1091 2289 1124 2339 15

56 2379 163 2464 μένον
185 2385 231 2469 τῶ
256 2378 447 2464 στοιχειωτή
470 2377 529 2461 τῆς
552 2379 599 2455 είς
617 2371 789 2441 ἀδύνατον
808 2370 987 2459 ἀπαγωγῆς
1007 2371 1068 2440 ῶσ·

56 2482 168 2563 αάτως
185 2480 423 2551 ἀποδείκνυται
444 2482 499 2548 καὶ
519 2479 621 2548 οὐδὲν
642 2483 696 2548 δεῖ
707 2477 747 2547 τά
761 2476 846 2547 αάτά
860 2476 1070 2549 ἀνακυκλεῖν.

126 2589 237 2657 ἰστέον
260 2589 311 2674 δέ,
341 2584 392 2655 ὅτι
414 2591 517 2674 τριῶν
542 2587 652 2654 ὅντων
674 2586 803 2654 τούτων
827 2587 864 2653 έν
886 2598 959 2665 ταῖς
982 2589 1071 2672 εἰρη-

54 2696 175 2783 μέναις
197 2693 377 2782 προτάσεσι
400 2696 461 2761 τοῦ
486 2694 538 2760 ἐπὶ
562 2701 645 2760 ἴσων
665 2690 752 2760 εἶναι
770 2692 913 2780 βάσεων,
937 2702 998 2760 τοῦ
1018 2692 1071 2760 ἐπὶ

55 2806 126 2871 τῶν
146 2798 259 2869 αὐτῶν
283 2796 369 2868 εἶναι
387 2799 519 2886 βάσεων
541 2800 598 2867 καὶ
620 2802 681 2866 τοῦ
705 2801 741 2867 έν
764 2812 836 2879 ταῖς
855 2795 970 2878 αὐταῖς
988 2822 1069 2883 παρ·
1088 2818 1124 2867 10

56 2906 216 2993 αλλήλοις
234 2905 297 2974 δύο
317 2905 561 2992 συμπλέκοντες
579 2902 643 2992 ἀεί,
666 2903 704 2973 τὸ
724 2905 761 2972 δέ
778 2901 816 2971 ’ἓν
835 2893 1072 2984 καταλιπὸντες

56 3020 217 3092 ποικίλως
240 3010 511 3100 ἀντιστρέφομεν.
552 3006 574 3097 ἢ
597 3008 661 3099 γάρ
684 3009 746 3090 τάς
766 3007 881 3096 βάσεις
899 3007 1071 3096 ὑποθησό-

57 3128 149 3207 μεθα
166 3116 225 3197 τὰς
243 3114 346 3197 αάτάς
364 3112 385 3203 ή
406 3127 480 3196 ἴσας
497 3116 553 3183 καὶ
572 3117 608 3183 έν
627 3128 699 3199 ταῖς
720 3110 837 3194 αὐταῖς
848 3116 1073 3202 παραλλήλοις

56 3225 100 3294 τά
123 3230 271 3311 τρίγωνα
298 3224 354 3291 καὶ
380 3219 421 3290 τά
449 3220 777 3311 παραλληλόγραμμα
804 3222 860 3288 καὶ
887 3220 1071 3307 ποιήσομεν

57 3334 202 3416 τέσσαρα
230 3329 449 3417 θεωρήματα,
481 3324 502 3414 ή
532 3337 588 3395 ἴσα
616 3327 794 3413 ληψόμεθα
823 3322 907 3394 αὖτά
935 3327 990 3393 καὶ
1013 3326 1071 3408 τὰς
1090 3351 1126 3400 οε

57 3466 272 3479 ————-—-

133 3532 191 3580 132.
212 3523 326 3594 wrm.

60 3645 273 3657 ——.—----

131 3698 559 3774 o.p5v]eomp.incertum1’.
642 3691 685 3752 ὅτι
717 3696 810 3753 bisP.
892 3703 935 3753 20.
960 3692 1072 3837 αάταηη]

59 3722 200 3831 Ρεοοὶοιμ
194 3792 229 3899 η’
233 3703 303 3841 ]410‚
323 3779 353 3839 ²3
373 3785 426 3825 om.
446 3768 502 3839 Vq.
559 3773 601 3825 23.
623 3769 683 3831 ἴσας
716 3785 783 3824 corr.
800 3787 833 3824 ex
853 3770 899 3825 λον
918 3787 954 3824 m.
969 3786 1015 3826 roc

59 3846 158 3916 [paq.
179 3860 195 3900 ο
247 3814 388 3899 λ’τὸεδίἀὶο
407 3842 443 3897 εδ
462 3840 553 3896 Ρεοολ
571 3858 600 3913 p.
619 3845 683 3912 410,
701 3845 727 3900 δ.
