2414 4236
229 503 387 557 scflom
404 505 443 557 m
461 505 736 557 EIAEMENTORUM
753 506 893 558 LIBRUM
906 507 928 560 1.
1037 503 1080 568 85

66 643 199 715 τούτων
220 643 317 732 πύθη
340 644 488 714 δυνατὸν
511 650 695 732 θεωρῆσαι·
719 646 771 713 ἐπὶ
790 645 854 732 γὰρ
872 649 941 714 τῶν
958 644 1082 731 ἄλλων,

69 745 143 821 οἷόν
165 755 358 839 σφαιρικῆς,
380 756 450 832 πῶς
473 749 516 820 ἂν
539 747 679 820 εύθεῑαν
702 752 832 838 λόβοις;

132 855 308 938 Ἐπίπεδος
321 857 359 926 δέ
372 864 479 945 γωνία
494 859 584 927 ἐστὶν
598 856 619 945 η
636 860 673 926 ἐν
687 860 830 950 ἐπιπέδῳ
846 857 909 926 δύο
919 863 1082 945 γραμμῶν

69 962 270 1052 ἁπτομένων
296 961 452 1051 ἀλλήλων
479 965 535 1032 καὶ
563 963 607 1052 μὴ
636 962 685 1032 ἐπ’
712 962 847 1044 εὐθείας
874 966 1035 1051 κειμένων
1061 962 1082 1050 ἡ

69 1070 153 1158 πρὸς
175 1067 321 1157 ἀλλήλας
342 1072 411 1137 τῶν
433 1075 596 1158 γραμμῶν
619 1077 733 1152 κλίσις.
1119 1094 1135 1142 σ

135 1174 199 1263 τὴν
217 1183 347 1262 γωνίαν
366 1180 402 1244 οί
418 1176 480 1263 μὲν
497 1181 567 1246 τῶν
584 1182 736 1245 παλαιῶν
760 1179 797 1245 ἐν
815 1182 855 1266 τῇ
874 1181 936 1244 τοῦ
954 1176 1038 1263 πρός
1051 1201 1084 1244 τι

68 1283 229 1351 τάττουσι
251 1288 434 1372 κατηγορίᾳ
460 1285 517 1351 καὶ
544 1286 701 1370 λέγουσιν
728 1290 838 1351 κλίσιν
866 1281 973 1369 αὐτὴν
997 1279 1085 1350 εἶναι

68 1392 235 1478 γραμμῶν
257 1385 279 1475 ἢ
303 1390 468 1457 ἐπιπέδων
490 1388 575 1476 πρὸς
596 1389 724 1476 ἄλληλα
746 1392 963 1476 κεκλιμένων·
992 1391 1026 1457 οί
1048 1389 1088 1456 δέ

69 1521 161 1576 τινες
174 1494 334 1581 ποιότητά
348 1515 464 1581 φασιν,
483 1494 529 1576 ὡς
549 1494 587 1564 τὸ
603 1494 689 1565 εύθύ
708 1498 764 1565 καὶ
781 1496 956 1584 καμπύλον
975 1495 1086 1575 πάθος

73 1601 208 1671 τοιόνδε
229 1603 385 1688 λέγουσιν
408 1605 603 1688 ἐπιφανείας
626 1599 647 1689 ἢ
671 1609 821 1690 στερεοῦ·
847 1607 883 1671 οί
904 1603 942 1671 δὲ
965 1607 1138 1683 signo-10

73 1708 199 1794 σότητα
215 1705 441 1794 ἀναφέροντες
460 1708 661 1795 ἐπιφάνειαν
678 1706 699 1796 ἢ
719 1710 854 1797 στερεὸν
873 1707 979 1796 αὐτὴν
999 1705 1087 1776 εἶναι

71 1818 298 1902 συγχωροῦσι·
322 1818 500 1901 διαιρεῖται
518 1815 594 1902 γάρ,
618 1821 733 1902 φασίν,
752 1814 774 1903 ἡ
793 1816 854 1903 μὲν
874 1818 910 1884 ἐν
928 1828 1002 1894 ταῖς
1020 1817 1087 1882 ἐπι·

71 1925 228 2009 φανείαις
249 1918 316 1988 ὑπὸ
338 1926 504 2008 γραμμῆς,
527 1919 548 2008 ἡ
572 1918 605 1989 δ’
627 1923 663 1989 ἐν
682 1936 751 2003 τοῖς
770 1936 916 2010 στερεοῖς
933 1920 999 1991 ὑπὸ
1020 1923 1086 1991 ἐπι-

75 2029 197 2113 πέδου,
229 2026 270 2094 τὰ
299 2027 338 2094 δὲ
364 2025 431 2096 ὑπὸ
457 2028 589 2097 τούτων
621 2029 840 2116 διαιρούμενα
864 2029 926 2098 ούκ
949 2027 1032 2095 ἄλλο
1056 2031 1091 2094 τί

74 2136 164 2202 ἐστιν
187 2129 208 2220 ἢ
228 2132 381 2219 μέγεθος,
404 2135 578 2203 καὶτοῦτο
599 2132 640 2201 ού
658 2135 806 2221 γραμμή·
835 2133 918 2220 αὕτη
937 2133 1003 2222 γὰρ
1021 2131 1087 2201 ὑπὸ
1107 2153 1140 2204 ιδ

74 2244 215 2326 σημείου
237 2243 428 2325 διαιρεῖται·
460 2245 604 2308 λείπεται
629 2230 692 2305 ούν
715 2235 821 2324 αὐτὴν
844 2237 1043 2324 ἐπιφάνειαν
1066 2233 1088 2323 ἢ

74 2348 211 2432 στερεὸν
239 2343 336 2413 εἶναι.
383 2347 439 2413 καὶ
472 2346 578 2424 οὕτως
611 2346 762 2429 ἕκαστος,
791 2348 843 2424 ἐίς
870 2341 888 2412 ὃ
920 2343 1088 2430 βούλεται,

71 2450 135 2538 τὴν
157 2456 287 2537 γωνίαν
309 2452 416 2519 ἕλκων
434 2450 507 2537 ἄγει
526 2449 591 2519 ὑπὸ
609 2455 813 2536 κατηγορίαν
833 2454 869 2518 oc
884 2449 946 2536 μὲν
964 2446 1030 2516 ὑπὸ
1050 2444 1088 2516 τό

73 2557 158 2644 πρός
180 2585 223 2642 τι,
247 2560 282 2625 οί
300 2557 337 2625 δὲ
354 2554 420 2625 ὑπὸ
440 2557 612 2644 ποιότητα,
635 2559 671 2624 οί
687 2556 725 2625 δὲ
738 2554 803 2625 ὑπὸ
819 2556 995 2642 ποσότητα.
1032 2555 1088 2623 καὶ

72 2664 308 2734 ἀντιπίπτουσι
330 2667 464 2750 πρῶτον
487 2664 549 2751 μὲν
569 2663 654 2751 πρὸς
671 2662 751 2743 τοὺς
768 2665 912 2751 μέγεθος
929 2665 1088 2750 λέγοντας
1106 2683 1141 2734 το

70 2771 136 2859 τὴν
158 2775 289 2857 γωνίαν
311 2769 407 2857 λόγοι
429 2775 590 2839 τοιοῦτοι·
633 2774 663 2837 εί
685 2773 826 2857 μέγεθος
848 2769 869 2858 ἡ
898 2778 1019 2858 γωνία,
1047 2772 1088 2838 τὰ

72 2879 112 2948 δέ
136 2875 283 2964 ὁμογενῆ
302 2878 428 2963 μεγέθη
448 2878 678 2963 πεπερασμένα
697 2875 778 2944 ὄντα
797 2876 901 2962 λόγον
921 2882 986 2963 ἔχει
1005 2878 1088 2962 πρὸς

71 2984 219 3070 ἄλληλα,
245 2984 301 3051 καὶ
325 2987 363 3051 αί
383 2989 503 3069 γωνίαι
526 2986 564 3050 αί
590 2981 777 3070 ὁμογενεῖς,
805 2977 880 3050 οἷον
904 2985 942 3049 αί
963 2983 999 3049 έν
1024 2983 1088 3047 ἐπι-

74 3095 210 3179 φανείᾳ,
235 3091 338 3175 λόγον
361 3090 472 3171 ἕξουσι
495 3089 579 3176 πρὸς
601 3088 740 3176 ἄλληλα·
764 3087 847 3157 ὥστε
870 3087 926 3155 καὶ
949 3085 970 3174 ἡ
993 3112 1086 3172 κερα-

72 3194 207 3282 τοειδὴς
224 3197 308 3282 πρὸς
324 3197 388 3281 την
402 3193 645 3282 εὐθύγραμμον
660 3195 762 3282 λόγον
777 3197 850 3276 ἕξει.
877 3192 916 3261 τὰ
933 3191 970 3260 δὲ
984 3193 1088 3277 λόγον
1105 3212 1140 3264 25

73 3308 193 3391 ἔχοντα
216 3299 300 3387 πρὸς
318 3298 446 3385 ἄλληλα
465 3300 607 3369 δύναται
624 3299 977 3385 πολλαπλασιαζόμενα
994 3296 1089 3385 ὑπερ-

74 3410 164 3497 έχειν
177 3405 346 3494 ἀλλήλων·
361 3406 416 3472 καλ
430 3406 642 3493 κερατοειδὴς
656 3406 723 3493 ἄρα
736 3406 1088 3491 πολλαπλασιαζομένη

73 3515 225 3603 ὑπερέξει
248 3512 328 3581 ποτέ
350 3516 409 3599 τῆς
431 3509 676 3600 εὐθυγράμμου
698 3510 718 3598 ἡ
738 3514 844 3598 πάσης
863 3509 970 3594 ὀξείας
986 3508 1090 3580 εὐθυ-

74 3623 233 3709 γράμμου
251 3618 396 3688 ἐλάττων
412 3623 592 3707 δειχθεῖσα.
626 3616 688 3688 ούκ
702 3616 767 3705 ἄρα
781 3622 924 3705 μέγεθος
938 3618 959 3706 ἡ
973 3623 1089 3704 γωνία.

148 3858 190 3908 13.
211 3847 244 3923 ἡ]
263 3819 319 3905 εί.1
370 3850 505 3922 στερεοῖς]
522 3844 635 3922 ἐτέροις.
712 3856 755 3911 18.
776 3849 825 3931 ot]
842 3851 886 3916 τό.
