2414 4236
355 494 631 546 mancusorum
648 495 758 546 urana
776 495 833 548 xv.
1057 494 1099 557 47

84 639 200 722 itaque
226 639 372 701 ΗΘΚΛ
403 636 596 720 quadratum
629 640 688 702 est.
742 637 813 702 fieri
841 642 951 702 autem
983 642 1101 722 potest,

82 747 259 809 utcontra
282 744 325 808 ab
347 742 444 808 initio
467 744 576 827 posita
599 746 766 808 sumentes
791 748 823 808 et
846 745 1021 827 parallelus
1047 744 1101 809 du-

84 853 198 915 centas
216 853 304 934 MN,
320 849 394 928 Na,
407 849 479 932 ΞΟ,
495 852 572 914 ΟΜ
586 848 740 914 ducamus
759 854 836 933 ΗΘ,
850 854 923 933 ΘΛ,
938 853 1013 936 ΛΚ,
1029 853 1105 915 ΚΗ

84 960 119 1020 et
151 959 295 1020 ΗΘΚΛ
327 956 521 1040 quadratum
555 955 794 1041 declaremus.¹)
846 957 912 1020 iam
945 957 974 1020 si
1001 957 1100 1021 etiam

85 1061 287 1144 reliquorum
306 1061 547 1145 triangulorum
567 1066 679 1126 centra
693 1062 926 1145 sumpserimus
942 1066 974 1125 et
988 1063 1101 1128 eodem

85 1165 184 1231 modo
207 1171 312 1232 rectas
337 1166 533 1251 duxerimus,
554 1169 681 1253 reliqua
705 1168 865 1257 quadrata
884 1190 953 1232 esse
972 1168 1100 1233 demon-

89 1272 265 1339 strabimus
308 1278 341 1339 et
376 1275 411 1338 in
447 1274 523 1341 dato
560 1275 713 1340 octaedro
752 1276 869 1339 cubum
907 1274 1100 1359 inscriptum

87 1377 288 1445 habebimus.

152 1572 198 1637 In
239 1574 369 1639 datum
410 1575 672 1641 ieosaedrum
711 1576 1009 1641 dodecaedrum
1047 1575 1101 1638 in-

85 1679 267 1747 scribere.

154 1783 300 1850 Ponatur
323 1791 544 1873 pentagonum
568 1783 762 1871 icosaedri²)
785 1789 956 1851 ΑΒΓΔΕ
982 1791 1014 1851 et
1041 1787 1100 1850 cir-

85 1891 234 1955 culorum
257 1891 378 1957 circum
402 1892 584 1978 triangulos
608 1895 716 1974 ΑΖΕ,
740 1895 847 1975 ΛΖΒ,
871 1896 973 1971 ΒΖΓ,
997 1896 1101 1976 ΖΓΔ,

620 2001 736 2062 ΔΖΕ
784 1998 1100 2082 circumscriptorum

620 2106 1102 2188 ΜΜΗΘΚΛΜΘ

620 2210 779 2276 ducantur
806 2214 887 2294 ΗΘ,
914 2213 992 2293 ΘΚ,
1023 2215 1101 2291 ΚΛ,

620 2320 705 2399 ΛΜ,
719 2319 805 2381 ΜΗ.
825 2320 977 2380 etrursus
988 2315 1101 2379 ductae

547 2388 570 2439 Ε
621 2426 696 2506 ΖΗ,
713 2425 782 2505 ΖΘ,
801 2425 867 2484 ΖΚ
883 2421 1103 2505 producantur

622 2529 662 2592 ad
684 2528 720 2612 Ξ,
744 2532 787 2612 Ν,
812 2532 847 2592 0.
891 2529 1002 2613 itaque
1025 2532 1102 2612 EA,

621 2639 696 2718 ΑΒ,
720 2637 785 2699 ΒΓ
803 2635 931 2719 punctis
953 2634 989 2717 Ξ,
1011 2637 1053 2716 Ν,
1074 2637 1103 2696 0

622 2741 656 2805 in
687 2741 781 2806 binas
809 2744 918 2826 partes
949 2739 1101 2825 aequales

623 2847 814 2934 diuiduntur.
859 2851 892 2911 at

648 2938 1070 3027 N32N0=flo2o1c

86 3063 198 3147 itaque
228 3062 326 3127 etiam
355 3064 428 3126 ΘΗ
439 3090 480 3113 =
496 3062 569 3125 ΘΚ.
621 3060 770 3124 similiter
797 3057 1101 3140 demonstrabimus,

88 3169 187 3234 etiam
200 3168 328 3252 reliqua
340 3167 447 3232 latera
460 3167 637 3252 pentagoni
652 3169 843 3231 ΗΘΚΛΜ
857 3164 1004 3248 aequalia
1021 3183 1101 3226 esse.

86 3276 173 3359 dico,
205 3274 292 3339 idem
320 3273 575 3357 aequiangulum
602 3294 681 3337 esse.
731 3293 807 3335 nam
836 3270 989 3355 quoniam
1020 3268 1102 3332 duae

86 3385 126 3447 N
128 3382 169 3463 Ξ,
192 3384 230 3445 Ν
235 3384 263 3443 0
285 3380 411 3445 duabus
436 3382 515 3463 ΗΘ,
538 3382 606 3443 ΘΚ
632 3378 809 3462 parallelae
833 3380 923 3455 sunt,
952 3376 1101 3461 aequales

162 3556 189 3624 1)
208 3554 281 3620 Quid
299 3554 369 3608 baec
389 3551 445 3607 sibi
458 3553 557 3619 uelint,
575 3551 681 3618 nesci03
701 3550 793 3606 εἰπεῖν
807 3553 968 3619 corruptum
982 3549 1101 3605 uidetur.

162 3628 190 3695 2)
210 3626 244 3681 H.
268 3642 292 3680 e.
314 3627 508 3695 pentagonum
536 3641 554 3678 a
575 3622 691 3677 basibus
719 3622 924 3691 triangulorum
952 3623 1057 3677 circum
1081 3625 1102 3675 Z

91 3697 230 3752 uerticem
247 3694 382 3750 icosaedri
398 3695 555 3766 positorum
569 3693 707 3749 effectum.
736 3694 874 3763 expositio
889 3693 1103 3748 constructionis

87 3768 145 3834 hic,
163 3769 196 3822 ut
216 3783 326 3836 sempor
342 3767 402 3822 fera
420 3766 451 3820 in
465 3766 537 3821 libro
555 3764 615 3831 XV,
635 3764 709 3819 iusto
724 3764 837 3819 breuior
851 3767 903 3836 est,
925 3763 998 3820 sicut
1011 3762 1105 3818 multo

90 3835 184 3908 magis
202 3837 290 3894 etiem
307 3837 458 3908 pleraeque
478 3836 730 3896 demonstrationes
749 3834 841 3912 ipsae.
