2414 4236
125 486 168 550 74
283 488 440 543 ΒῦΗΟΙιΙΔ
456 490 496 541 m
513 488 789 542 mmmm
804 487 981 543 mmm

125 635 163 699 ἓν
191 637 347 718 ση]μεῑον
375 634 582 717 συμπίπτειν.
631 627 735 697 πάλιν
763 630 832 696 τῶν
859 631 1034 715 στοιχείων
1061 629 1138 713 δίχα

124 738 329 824 λεγομένων·
352 736 408 804 καί
427 735 492 823 γάρ
509 734 548 804 τὸ
567 733 814 817 κατασκευάζον
828 738 891 803 τοῦ
903 738 1108 815 κατασκευαζ
1128 771 1139 782 ·

124 846 244 931 μένου,
269 840 313 923 ὑς
335 841 373 910 τὸ
395 845 530 930 πρῶτον
552 840 714 930 θειόρημα
736 845 799 910 τοῦ
821 840 996 927 δευτέρου,
1022 840 1079 907 καὶ
1100 836 1140 907 τὸ

125 955 172 1031 είς
195 946 426 1032 ἁπλούστερον
451 951 627 1033 διαιρεῖται
650 944 688 1015 τό
712 945 897 1030 σύνθετον,
919 943 965 1026 ὡς
985 942 1027 1014 τὰ
1050 942 1140 1031 αίτή-

90 1079 106 1128 5
125 1081 212 1143 ματα
235 1067 381 1141 στοιχεῖα
403 1058 472 1123 τῶν
495 1051 738 1145 θεωρημάτων·
775 1049 860 1120 κατὰ
888 1049 929 1139 δὴ
957 1049 997 1120 τὸ
1023 1071 1140 1138 σημαι-

125 1161 272 1249 νόμενον
295 1164 396 1228 τοῦτο
418 1161 474 1228 καὶ
494 1158 534 1227 τὰ
555 1156 633 1246 παρ’
650 1155 817 1248 Εὐκλείδῃ
836 1160 965 1246 λέγεται
983 1170 1140 1246 στοιχεῖα,

124 1267 164 1336 τόι
188 1268 250 1354 μὲν
273 1263 414 1350 περὶτὰ
443 1268 597 1348 ἐπίπεδα,
628 1261 670 1330 τά
698 1263 736 1332 δὲ
761 1263 839 1353 περὶ
865 1263 906 1331 τά
934 1261 1050 1351 στερεά
1076 1261 1141 1348 τὴν

125 1377 355 1461 πραγματείαν
377 1376 504 1458 ἔχοντα.
543 1370 612 1439 ἐπεὶ
636 1361 699 1438 οὖν
721 1369 743 1457 ἡ
766 1375 950 1458 γεωμετρία
968 1358 1141 1456 ἐπιστήμη,

126 1481 219 1566 διττὴ
240 1478 278 1546 δὲ
297 1476 391 1563 αὕτη,
414 1474 435 1563 ἡ
460 1477 521 1564 μὲν
541 1479 574 1558 ἐξ
591 1473 798 1560 ὑποθέσεως,
821 1473 842 1563 ἡ
862 1477 901 1545 δὲ
918 1474 1142 1557 άνυπόθετος,

74 1609 108 1658 10
127 1587 210 1672 αὕτη
237 1584 302 1669 [δὲ]
328 1585 362 1664 ἐξ
384 1581 588 1668 ὑποθέσεως,
614 1581 743 1668 άνάγκη
766 1581 829 1652 τόν
850 1581 913 1670 τὴν
935 1587 1141 1671 γεωμετρίαν

126 1691 353 1759 συντάττοντα
376 1688 477 1775 χωρὶς
499 1687 560 1774 μὲν
582 1692 796 1775 παραδοῦναι
818 1689 878 1769 τὰς
900 1687 1015 1777 άρχάς,
1039 1688 1142 1777 χωρὶς

126 1796 227 1865 δὲτὰ
251 1795 317 1863 ἀπὸ
342 1797 409 1862 τῶν
437 1792 566 1882 άρχῶν,
598 1794 654 1861 καί
681 1797 750 1862 τῶν
776 1794 839 1882 μὲν
866 1791 995 1883 άρχῶν,
1028 1800 1060 1863 εί
1083 1793 1140 1861 καὶ

126 1907 171 1995 τῷ
204 1906 318 1989 τελείῳ
351 1903 527 1992 φιλοσόφῳ
563 1901 649 1968 είσὶν
682 1897 893 1986 άποδεικταί,
931 1900 976 1988 μὴ
1005 1900 1141 1968 διδόναι

127 2007 242 2094 λόγον,
265 2011 334 2074 τῶν
358 2006 395 2074 δὲ
417 2005 498 2094 μετὰ
522 2006 581 2086 τὰς
603 2004 718 2093 άρχάς,
742 2003 761 2075 ὃ
781 2007 836 2075 καλ
856 2006 1041 2093 Εὐκλείδης
1058 2004 1137 2073 καθ’

75 2139 108 2187 ιε
127 2116 267 2181 ἕκαστον
296 2110 340 2192 ὡς
368 2117 474 2180 εἰπεῖν
502 2126 644 2181 ποιεῖται
675 2118 818 2199 βιβλίον.
864 2113 923 2191 τὰς
952 2113 993 2199 δὴ
1025 2110 1141 2191 κοινάς

126 2219 249 2297 ταύτας
281 2214 386 2304 άρχὺς
419 2221 544 2305 διαιρεῖ
574 2227 621 2296 είς
647 2244 682 2285 τε
713 2211 772 2299 τὰς
803 2217 982 2299 ὑποθέσεις
1013 2218 1068 2286 καὶ
1100 2217 1141 2286 τὰ

127 2325 289 2411 αίτήματα
313 2325 368 2390 καὶ
392 2322 574 2411 ἀξιώματα·
599 2325 750 2409 διαφέρει
769 2322 833 2409 γὰρ
853 2329 956 2393 ταῦτα
975 2322 1141 2410 ἀλλήλων.

127 2430 208 2501 όταν
236 2431 297 2516 μὲν
325 2431 390 2515 γὰρ
418 2430 590 2517 γνώριμον
617 2422 638 2517 ᾖ
666 2430 721 2496 καὶ
749 2427 827 2497 καθ’
854 2427 935 2498 αὑτὸ
959 2427 1078 2497 πιστὸν
1101 2428 1140 2496 τὸ

126 2534 489 2623 παραλαμβανόμενον,
517 2534 645 2621 άξίωμα
672 2536 815 2621 λέγεται,
844 2532 925 2604 ὅταν
952 2537 988 2604 δὲ
1012 2534 1057 2621 μὴ
1081 2539 1140 2623 ἔχη

74 2666 109 2715 20
127 2643 188 2728 μὲν
213 2647 349 2709 ἔννοιαν
378 2637 395 2707 ὁ
420 2637 555 2708 ἀκούων
582 2638 797 2727 αὑτόπιστον,
828 2648 957 2710 τίθεται
986 2642 1023 2710 δὲ
1051 2640 1141 2728 ὅμως

126 2748 182 2814 καὶ
206 2759 372 2832 συγχωρεῖ
392 2744 430 2813 τὸ
453 2750 721 2833 λαμβανόμενον,
744 2744 907 2828 ὑπόθεσίς
930 2752 1033 2816 ἐστιν·
1065 2741 1139 2816 οἷον

126 2851 163 2921 τὸ
187 2851 247 2920 τὸν
278 2849 402 2919 κύκλον
430 2849 517 2919 εἷναι
546 2856 655 2940 σχῆμα
683 2853 817 2922 τοιόνδε
844 2853 881 2923 τὸ
910 2860 1092 2940 τρίγωνον,
1121 2851 1139 2920 ὃ

127 2956 275 3026 αὐτόθεν
299 2956 361 3044 μὲν
384 2956 447 3026 οὐκ
469 2963 546 3044 ἔχει,
571 2960 852 3046 συγχωρούμενον
876 2960 913 3027 δὲ
933 2958 1033 3046 ὅμως·
1058 2957 1139 3027 ὅταν

127 3065 164 3134 δὲ
182 3065 237 3131 καὶ
257 3061 431 3148 ἄγνωστον
450 3055 471 3152 ᾖ
491 3063 528 3131 τὸ
550 3063 734 3151 λεγόμενον
752 3065 808 3132 καὶ
826 3063 871 3153 μὴ
886 3070 1141 3152 συγχωροῦντος

73 3195 106 3243 25
126 3175 187 3239 τοῦ
210 3171 447 3256 μανθάνοντος
470 3169 560 3257 ὅμως
582 3170 804 3257 λαμβάνηται,
827 3180 949 3257 αἴτημα
967 3175 1066 3239 τοῦτο
1085 3198 1139 3238 κα·

126 3280 266 3361 λοῦμεν,
301 3274 346 3355 ὡς
372 3273 409 3344 τὸ
438 3276 545 3356 πάσας
573 3276 632 3356 τὰς
661 3274 768 3361 όρθόις
795 3283 918 3364 γωνίας
946 3289 1020 3358 ίσας
1043 3275 1139 3345 εἶναι.

125 3383 180 3449 καὶ
205 3379 311 3459 οὑτως
334 3383 395 3467 μὲν
412 3380 637 3469 Ἀριστοτέλης
658 3387 763 3450 ταῦτα
782 3386 972 3468 διορίζεται·
995 3382 1083 3461 τινὲς
1102 3383 1139 3450 δὲ

125 3488 233 3555 πάντα
248 3485 428 3566 ὑποθέσεις
441 3501 635 3574 προσεῖπον,
656 3487 751 3556 ἄλλοι
771 3487 808 3556 δὲ
826 3488 1005 3575 ἀξιώματα.
1036 3487 1139 3555 πάλιν

128 3592 164 3659 δὲ
188 3583 294 3659 αὑτὰ
319 3590 384 3659 άπὸ
408 3596 476 3659 τῶν
500 3588 613 3677 άρχῶν
641 3596 688 3672 είς
715 3592 932 3679 προβλήματα
962 3596 1139 3677 διαιρεῖται

199 3756 223 3805 3.
244 3749 330 3805 Scrib.
350 3746 444 3804 καὶτὸ
459 3747 500 3813 είς
514 3743 530 3804 ὃ
544 3745 737 3821 ἁπλούστερον
752 3744 786 3804 όν
800 3751 960 3818 διαιρεῖται.
985 3749 1034 3806 cfr.
1048 3750 1139 3806 Procl.

120 3839 153 3889 χ).
175 3825 217 3885 78,
238 3825 261 3876 θ.
335 3826 379 3876 22.
397 3817 428 3875 τό
448 3821 597 3892 τρίγωνον]
615 3821 697 3876 scrib.
716 3815 734 3891 ἢ
753 3818 784 3875 τὸ
803 3823 947 3892 τρίγωνον.

59 3900 121 3996 ἱ
