2414 4236
149 490 217 555 206
303 488 462 545 sellom
479 492 518 543 m
535 488 813 543 ammom
829 488 1005 543 maun.

149 631 188 701 τό
211 635 347 720 χωρίον.
390 634 548 700 τοιοῦτον
575 628 638 717 μλν
661 628 705 717 δή
727 654 761 697 τι
781 626 822 699 τό
842 632 1051 715 παραβαλεῖν
1073 628 1167 697 έστιν

149 734 216 806 ὑπὸ
238 740 307 805 τόν
329 742 579 824 Πυθαγορείων
604 734 892 823 παραδεδομένον.
935 738 1012 823 τρία
1033 734 1076 803 δέ
1094 734 1165 803 έστι

149 848 195 935 τῷ
218 840 428 932 προβλήματι
449 842 557 935 τούτῳ
580 841 622 911 τά
644 842 824 929 δεδομένα·
860 839 994 927 εὐθεῖα,
1015 836 1094 928 παρ’
1118 834 1167 929 ἢν

150 954 205 1018 δελ
224 955 432 1037 παραβαλεῖν
455 946 501 1031 ός
523 946 608 1037 όλην
630 948 822 1019 αὐτοῦτοῦ
850 954 979 1035 χωρίου
1003 946 1166 1033 γενέσθαι

114 1054 315 1141 επλευράν,
345 1056 402 1123 καὶ
427 1058 613 1142 τρίγωνον,
644 1045 674 1146 ᾇ
700 1062 779 1124 ίσον
805 1051 894 1123 εἶναι
922 1058 977 1123 δελ
998 1051 1039 1123 τό
1060 1076 1164 1138 παρα-

148 1160 369 1249 βαλλόμενον,
392 1162 449 1229 ιιαλ
471 1166 591 1248 γωνία,
613 1151 636 1251 ᾖ
659 1168 739 1249 ίσην
760 1156 850 1231 είναι
871 1158 936 1248 τὴν
957 1164 1019 1231 τοῦ
1036 1164 1165 1249 χωρίου

148 1273 287 1355 γωνίαν.
330 1268 387 1336 καὶ
410 1270 518 1354 δῆλον
540 1266 659 1354 πάλιν,
690 1264 737 1347 τός
763 1264 872 1355 όρθῆς
892 1266 957 1355 μὲν
980 1264 1084 1353 οόσης
1104 1268 1166 1353 τῆς

148 1379 274 1461 γωνίας
290 1374 331 1443 τό
347 1372 649 1463 παραβαλλόμενον
666 1368 915 1461 ἣτετράγωνον
932 1367 954 1463 ἢ
969 1371 1164 1461 ἑτερόμηκες

149 1486 256 1567 ἔσται,
289 1478 398 1563 όξείας
425 1479 464 1548 δὲ
491 1476 513 1567 ἢ
542 1478 701 1567 ἀμβλείας
726 1476 749 1567 ἢ
772 1478 901 1568 βόμβος
925 1478 966 1551 τό
988 1483 1116 1568 χωρίον
1140 1472 1165 1565 ἢ

98 1606 130 1655 ιο
149 1588 353 1675 όομβοειδές.
404 1584 456 1655 ότι
487 1612 526 1673 γε
556 1584 626 1675 μὴν
655 1585 773 1655 ιιαὶ
737 1612 802 1673 την
828 1584 970 1656 εόθελαν
996 1580 1084 1655 είναι
1112 1587 1168 1653 δελ

147 1695 416 1782 πεπερασμένην,
447 1691 614 1780 φανερόν·
655 1689 698 1761 οό
724 1691 790 1781 γάρ
817 1693 961 1762 δύναται
987 1689 1079 1781 παρὰ
1099 1689 1164 1778 τὴν

148 1798 299 1887 ἄπειρον.
352 1796 422 1885 ἅμα
454 1790 520 1867 οὖν
549 1802 596 1892 τῷ
633 1797 741 1885 φάναι
775 1797 865 1885 παρὰ
900 1824 963 1886 την
999 1802 1165 1867 δοθεῖσαν

149 1903 289 1973 εὐθεῖαν
320 1908 528 1991 παραβαλεῖν
560 1902 803 1990 ίδήλωσεν,”
782 1932 834 1975 οτι
865 1905 922 1975 καὶ
951 1904 1165 1995 πεπεράνθαι

149 2008 279 2096 ἀνάγκη
302 2007 365 2096 τὴν
388 2007 536 2078 εὐθεῖαν.
583 2015 748 2098 χρῆταιδ
751 2011 837 2093 λείς
863 2038 927 2099 την
953 2009 1164 2098 κατασκευὴν

96 2134 130 2184 16
148 2120 210 2184 τοῦ
231 2116 465 2205 προβλήματος
486 2116 609 2185 τούτου
630 2122 670 2206 τῇ
694 2117 851 2186 συστάσει
874 2123 935 2187 τοῦ
958 2125 1165 2206 παραλληλοε

148 2222 305 2311 γράμμου
322 2227 383 2293 τοῦ
402 2231 479 2291 ίσου
491 2251 538 2292 τω
524 2226 693 2293 δὀθέντι
706 2224 873 2316 τριγόνω·
898 2222 940 2293 οὐ
953 2224 1020 2351 γὰρ
1036 2222 1164 2294 ταύτὸν

147 2329 321 2419 παραβολὴ
330 2332 387 2399 καὶ
401 2330 569 2417 σύστασις,
582 2328 672 2397 καλ”
652 2358 703 2399 οτι
718 2329 801 2400 όλον
815 2314 1020 2418 ὑφίστησι
989 2357 1027 2399 το
1036 2338 1163 2417 χωρίον

148 2438 203 2503 καὶ
235 2441 334 2505 τοῦτο
367 2435 484 2504 καὶ
449 2464 508 2516 τας
534 2438 681 2563 πλερρὰς
707 2433 837 2516 ἁπάσας
865 2438 902 2506 δὲ
930 2443 1010 2524 μίαν
1038 2442 1164 2527 ἔχουσα

147 2541 296 2627 πλευρὰν
320 2544 507 2627 δεδομένην
529 2540 619 2629 παρὰ
641 2540 767 2627 ταύτην
790 2540 952 2630 ὑφίστησι
974 2543 1012 2612 τὸ
1036 2550 1162 2631 χωρίον

95 2666 129 2713 20
149 2645 225 2715 οὔτε
250 2648 446 2715 έλλεόπουσα
464 2645 547 2713 κατὰ
566 2645 627 2733 τὴν
647 2651 779 2715 έατασιν
799 2645 876 2716 οὔτε
892 2647 1163 2737 ὑπερβάλλουσα,

148 2750 232 2820 ιἰλλόι
259 2763 318 2841 μιᾷ
346 2757 474 2840 πλευρᾷ
501 2751 605 2840 ταύτῃ
632 2755 786 2840 χρωμένη
813 2755 1013 2844 περιεχοόση
1040 2755 1078 2825 τὸ
1108 2758 1163 2843 ίμ-

147 2858 265 2944 βαδόν.
311 2856 425 2926 διὰτί
446 2849 525 2943 οὖν,
549 2863 651 2944 φαίης
673 2857 731 2942 όν,
760 2857 814 2928 ὅτε
837 2861 900 2947 μὲν
923 2868 1071 2949 τρίγωνα
1094 2889 1162 2948 τρι-

148 2963 271 3049 γώνοις
293 2972 349 3032 ίσα
372 2964 519 3049 ἐδείκνυ,
549 2963 767 3051 θεωρήμασιν
791 2968 924 3053 ἐχρῆτο,
953 2966 1006 3036 ὅτε
1032 2968 1069 3035 δὲ
1092 2975 1162 3055 τρί-

147 3096 240 3155 γωνα
254 3069 623 3158 παραλληλογράμμοις,
640 3071 888 3159 προβλήμασιν;
913 3072 975 3160 ὅτι,
995 3074 1162 3162 φήσομεν,

96 3192 129 3241 25
150 3173 169 3262 ἡ
185 3176 299 3261 ἰσότης
314 3173 480 3261 ὁμοειδῶν
495 3175 605 3245 όντων
619 3176 790 3265 αὐτοφυής
804 3180 872 3247 έστι
886 3181 942 3248 καὶ
957 3182 1163 3266 έπιβλέψεως

149 3284 290 3368 δεομένη
314 3279 429 3366 μόνης,
452 3287 521 3351 τῶν
545 3282 583 3350 δέ
606 3282 662 3351 διὰ
685 3282 747 3371 τὴν
770 3284 840 3352 κατ’
862 3287 953 3366 εἶδος
975 3286 1163 3374 ἐξαλλαγὴν

148 3384 168 3469 ι’,
192 3386 305 3472 ἰσότης
327 3389 488 3471 γενέσεως
511 3390 689 3458 δεῖταικαὶ
707 3395 858 3479 μηχανῆς
876 3390 921 3472 ὡς
939 3390 1019 3460 καθ’
1037 3392 1162 3480 ἑαυτὴν

148 3483 234 3559 οὖσα
258 3491 464 3579 δυσεύρετος.

452 3692 541 3745 ωνίαν
559 3690 767 3748 Ρ.17.οτ

218 3696 243 3743 6.
262 3708 301 3775 χω
280 3690 351 3743 ωνία
357 3679 414 3777 ,ἦ]

183 3764 223 3811 18.
244 3757 302 3847 δέ]
310 3778 361 3815 uer.
357 3710 450 3830 όδί
507 3767 549 3817 19.
568 3760 660 3835 παρά]
679 3686 820 3833 00⁸1np‘,']}1
833 3780 928 3820 ronou.
944 3763 973 3818 in
992 3760 1058 3820 όπό
1113 3770 1160 3820 21.

144 3824 228 3903 άλλά]
247 3826 302 3885 άλά
322 3832 352 3887 P.

68 3898 168 3992 Ἰ

812 3711 841 3748 m
860 3709 914 3748 εοε.
934 3694 968 3760 Ρ,
987 3710 1039 3750 scr.
1042 3690 1159 3782 ἠμέν.
