2414 4236
337 460 518 510 APPENDIX
536 457 772 511 scnomomm
787 459 808 512 1.
1018 454 1081 518 681

70 597 115 679 ώς
137 596 158 685 ἡ
181 606 250 667 ΒΔ
272 597 357 686 πρὸς
376 605 452 683 ΔΖ,
477 595 583 678 οὕτως
605 595 626 683 ἡ
645 603 712 665 ΒΕ
732 594 815 680 πρὸς
835 603 906 664 ΕΖ.
952 604 1022 664 ἰσαι
1046 595 1083 664 δὲ

70 709 108 773 αι
129 712 207 790 ΑΒ,
230 713 307 774 ΒΕ·
345 713 415 772 καί
437 702 503 791 ἄρα
525 704 581 771 καὶ
604 706 642 770 αι
664 710 741 788 az,
765 710 836 771 αα.
880 702 997 787 ἡΔιο
1017 700 1083 785 ἄρα

71 815 170 897 διπλῆ
193 815 252 898 τῆς
275 820 308 879 Δ
314 818 349 880 Ζ.

137 921 167 984 9.
216 921 268 1008 Τῷ
303 915 341 985 δὲ
374 913 440 985 ἀπὸ
472 926 533 1002 τῆς
565 922 632 983 ΒΕ
661 941 691 1003 p.
725 920 760 999 8,
788 919 846 1000 22]
883 912 1082 1001 ἡμικύκλιον

70 1023 134 1110 γάρ
162 1026 232 1092 έστι
258 1021 296 1092 τὸ
321 1030 437 1108 ΒΑΕ,
471 1020 491 1108 ἡ
524 1021 561 1090 δὲ
591 1024 628 1090 έν
656 1020 840 1112 ἡμικυκλίῳ
863 1027 969 1108 γωνία
993 1019 1082 1108 ὀρθή
1120 1045 1137 1092 5

70 1132 172 1215 έστιν,
195 1127 233 1197 τὸ
258 1128 296 1197 δέ
318 1126 384 1197 ἀπὸ
405 1133 464 1216 τῆς
481 1127 725 1214 ὑποτεινούσης
742 1131 805 1214 τὴν
825 1125 935 1216 ὀρθὴν
953 1133 1082 1215 γωνίαν

68 1234 281 1321 τετράγωνον
309 1244 386 1304 ίσον
414 1235 483 1304 έστί
506 1248 576 1313 τοῖς
603 1231 667 1303 ἀπὸ
697 1238 764 1301 τών
787 1234 863 1317 περὶ
885 1231 1083 1321 τὴνδρθὴν

70 1349 199 1428 γωνίαν
221 1340 449 1429 τετραγώνοις.

143 1451 191 1516 10.
225 1445 303 1515 Ἐὰν
328 1447 365 1516 δὲ
388 1448 497 1533 κύβου
514 1446 641 1534 πλευρὰ
660 1444 765 1533 ἄκρον
783 1446 840 1513 καὶ
858 1448 962 1532 μέσον
980 1446 1083 1532 λόγον

70 1563 201 1643 τμηθῇ,
237 1552 276 1622 τὸ
311 1559 423 1641 μεῖζον
454 1551 564 1640 τμῆμύ
598 1555 688 1621 έστιν
720 1549 741 1638 ἡ
773 1556 835 1619 τοῦ
866 1551 1083 1638 πενταγώνου
1103 1576 1137 1624 10

70 1660 206 1745 πλευρά.
685 1748 689 1754 ¹

141 1773 190 1835 11.
208 1766 275 1840 ,Ἐν
291 1766 355 1856 γὰρ
369 1779 409 1856 τῇ
424 1764 582 1836 συστάσει
595 1769 658 1834 τού
672 1766 889 1852 είκοσαέδρον
903 1769 1083 1849 δείκνυται,

71 1871 123 1942 ὅτι
154 1872 175 1959 ἡ
208 1877 270 1943 τοῦ
303 1876 519 1957 εἰκοσαέδρου
546 1869 673 1960 πλευρὰ
701 1871 844 1940 δύναται
870 1871 933 1958 τὴν
961 1875 996 1940 ἐκ
1022 1876 1084 1938 τοῦ

71 1981 213 2062 κέντρου
244 1985 306 2048 τοῦ
338 1978 479 2065 κύκλου,
517 1976 578 2066 ἀφ’
609 1970 651 2046 ού
682 1978 720 2047 τὸ
753 1978 970 2066 εἰκοσάεδρον
1002 1977 1084 2045 ἄνα-

70 2084 250 2171 γρύφεται,
278 2085 334 2152 καὶ
355 2086 418 2171 τὴν
439 2090 502 2153 τοῦ
526 2085 720 2170 δεκαγώνου
742 2089 803 2153 τοῦ
827 2090 875 2164 εἰς
895 2085 956 2154 τὸν
980 2082 1083 2153 αύτὸν
1104 2109 1137 2158 1ο

70 2190 196 2259 κύκλον
220 2192 483 2277 ἐγγραφομένου.

140 2299 190 2365 12.
220 2294 298 2365 Ἐδιν
316 2295 382 2384 γὰρ
400 2294 466 2365 ύπό
486 2303 568 2384 μίαν
585 2298 727 2383 ἑκάστην
746 2303 874 2383 γωνίαν
891 2301 953 2365 τοῦ
967 2322 1083 2383 πεντα-

71 2401 186 2488 γώνου
205 2407 388 2488 ἰσογωνίου
401 2401 502 2482 ὄντος
515 2402 693 2490 ἀγάγωμεν
708 2400 853 2488 εὐθείας,
871 2400 1083 2488 εὑρίσκονται

69 2519 87 2574 ε
111 2505 242 2576 εὐθεῖαι
265 2517 335 2577 ἰσαι
357 2507 516 2595 ἀλλήλαις
537 2508 576 2578 τό
597 2505 633 2578 τε
652 2512 862 2596 τετράγωνον
881 2509 1009 2597 δηλαδὴ
1028 2510 1082 2577 καί

70 2612 108 2681 τὸ
131 2614 218 2694 ύιρος
242 2618 305 2682 τοῦ
326 2615 442 2701 κύβον.
1102 2639 1138 2688 20

140 2724 190 2789 13.
227 2719 296 2788 Διὰ
325 2719 362 2789 τὸ
386 2720 420 2807 η’
443 2724 507 2790 τοῦ
529 2721 576 2807 ιγ’
600 2727 748 2807 βιβλίου·
786 2720 845 2790 ἐὰν
873 2722 937 2807 γὰρ
965 2747 1082 2790 πεντα-

69 2825 185 2911 γώνου
217 2831 401 2914 ἰσογωνίου
432 2828 487 2895 καί
516 2828 719 2915 ἰσοπλεύρου
744 2827 805 2908 τὰς
831 2826 913 2895 κατὰ
940 2829 978 2896 τδ
1009 2830 1083 2915 ἑξῆς

71 2933 135 3001 δύο
166 2939 292 3020 γωνίας
322 2931 545 3002 ὑποτείνωσιν
577 2932 723 3019 εύδεῑαι,
755 2932 861 3021 δι’κρον
892 2935 947 3001 καί
980 2936 1082 3029 μέσον

70 3038 174 3124 λόγον
192 3042 372 3126 τέμνουσιν
391 3036 546 3126 ἀλλήλας,
569 3040 624 3107 καί
643 3039 683 3107 τδι
703 3045 838 3126 μείζονα
855 3040 1007 3127 τμήματα
1026 3049 1082 3108 ἰσα
1174 3109 1178 3116 ,

70 3146 134 3211 εἰσί
156 3158 228 3224 ταῖς
250 3155 312 3213 τοῦ
334 3144 552 3231 πενταγώνου
574 3153 740 3228 πλευραῖς.
1101 3170 1136 3218 κο

139 3254 188 3318 14.
222 3249 322 3336 Ἐπεί,
346 3251 405 3320 ἐὰν
425 3250 488 3319 δύο
508 3247 639 3319 εύδείαι
658 3248 763 3339 ἄκρον
781 3252 837 3319 καί
855 3255 959 3339 μέσον
978 3253 1082 3340 λόγον

70 3358 257 3440 τμηθῶσιν,
282 3357 319 3423 ἐν
342 3355 506 3447 ἀναλογίᾳ
529 3358 593 3425 εἰσί
611 3368 650 3446 τῇ
668 3358 883 3448 ὑποκειμένῃ,
906 3362 1082 3447 τέτμηνται

143 3557 168 3606 9.
187 3549 234 3605 V’.
309 3550 415 3607 10.V¹.
491 3553 599 3609 11.V¹.
665 3559 706 3609 12.
725 3552 773 3620 V',
791 3554 840 3610 sed
854 3554 908 3609 del.
974 3553 1081 3624 1³.v¹,

71 3622 120 3678 sed
139 3621 193 3678 del.
269 3628 310 3677 14.
329 3623 378 3693 V¹,
396 3623 478 3693 adp.
496 3629 538 3691 12,
558 3630 583 3679 θ.

142 3806 184 3855 24.
203 3798 340 3872 τέμνωσιν
358 3800 392 3858 V.
