2414 4236
232 509 390 564 scnom
407 510 447 562 ια
464 509 739 562 mmmmm
757 509 930 565 ιωαυαι
1019 507 1084 572 185

71 650 166 730 ἐντὸς
195 657 266 718 λσαι
294 653 404 717 δυσίν.
449 652 488 717 αί
512 649 626 718 λοιπαὶ
654 647 720 738 ἄρα
749 652 788 718 αἱ
807 647 900 729 ἐκτὸς
922 650 1083 738 τέταρσιν.

71 761 104 826 εί
122 757 159 826 δὲ
175 755 433 844 τετράπλευρον,
453 754 537 824 ὀκτω
557 759 596 824 αί
610 760 726 824 πᾶσαι·
751 754 923 825 διπλάσιαι
937 756 1001 842 γὰρ
1015 761 1084 824 τῶν

70 867 235 952 πλευρῶν.
280 853 330 931 ὦν
357 860 452 942 ἐντὸς
478 863 645 950 τέτρασιν·
681 863 737 930 καὶ
765 861 859 942 ἐκτὸς
880 860 946 950 ἄρα
969 859 1085 941 ἄλλαις

71 970 250 1051 τοσαύταις
268 977 347 1038 ἴσαι.
375 971 406 1037 εί
419 967 456 1037 δὲ
470 967 732 1056 πεντύπλευρον,
751 970 837 1036 δέκα
844 968 906 1055 μὲν
921 970 958 1035 αί
969 971 1084 1053 πᾶσαι,

70 1080 105 1159 ἓξ
129 1076 167 1145 δὲ
190 1079 228 1144 αί
248 1074 360 1162 ἐντός,
387 1076 518 1164 τέτρασι
547 1074 584 1141 δὲ
612 1078 649 1141 αλ
669 1075 783 1142 λοιπαὶ
806 1074 907 1154 ἐκτός.
951 1074 1006 1142 καὶ
1030 1071 1081 1142 ἐπ’
1120 1102 1137 1152 ς

70 1182 213 1272 ἄπειρον
246 1180 372 1269 ὁμοίως
403 1178 424 1269 ἡ
457 1180 541 1268 αὐτὴ
574 1183 728 1267 μέθοδος.
784 1182 837 1249 ἐπὶ
874 1180 916 1267 δὴ
952 1179 1085 1259 τούτοις

68 1287 206 1359 κύκεῖνα
225 1286 437 1375 συνάγωμεν,
460 1284 512 1356 ὅτι
536 1284 593 1354 διὰ
611 1290 711 1355 τοῦτο
729 1283 767 1354 τὸ
786 1290 947 1375 θεώρημα
965 1285 1002 1355 τὸ
1023 1284 1084 1372 μὲν

70 1395 274 1481 ἰσόπλευρον
301 1400 469 1481 τρίγωνον
498 1390 641 1479 ἑκάστην
672 1397 737 1480 ἔχει
769 1399 897 1480 γωνίαν
929 1397 1085 1480 διμοίρου

71 1500 193 1591 ὀρθῆς·
223 1504 253 1568 εί
271 1498 336 1587 γὰρ
355 1504 394 1568 αἱ
404 1512 493 1586 τρεῖς
511 1501 605 1567 δυεῖν
625 1497 746 1587 ὀρθαῖς
764 1508 833 1568 ἴσαι
852 1500 908 1566 καλ
926 1496 1085 1585 ἀλλήλαις

70 1605 282 1695 ὑπάρχουσιν
308 1614 394 1692 ίσαι,
427 1602 541 1692 ἐπειδὴ
569 1603 635 1674 ὑπὸ
662 1604 720 1686 τὰς
748 1614 822 1687 ίσας
848 1604 991 1694 πλευρὰς
1014 1613 1084 1673 ίσαι
1105 1632 1138 1681 10

71 1718 194 1801 γωνίαι
223 1716 434 1782 συνεστᾶσιν.
479 1711 517 1780 τὸ
546 1711 584 1780 δὲ
612 1713 794 1799 ἰσοσκελές,
827 1710 909 1781 ὅταν
937 1717 994 1802 ἔχῃ
1021 1711 1084 1800 τὴν

73 1819 157 1909 πρὸς
178 1818 243 1907 τὴν
265 1817 422 1907 κορυφὴν
447 1816 569 1907 ὀρθήν,
592 1816 651 1898 τὰς
673 1818 790 1900 λοιπὰς
808 1817 959 1907 ἡμισείας
977 1818 1085 1908 ὀρθῆς

73 1932 152 2014 ἔχει,
175 1920 250 1995 οἷον
271 1923 310 1995 τδ
334 1922 617 2013 ἡμιτετρύγωνον,
641 1923 677 1994 τὸ
702 1926 739 1994 δὲ
763 1925 931 2014 σκαληνὸν
953 1926 990 1996 τὸ
1011 1924 1084 2014 ἡμι-

73 2039 254 2122 τρίγωνον,
282 2028 301 2100 δ
328 2037 455 2118 γίνεται
483 2032 520 2098 ἐν
549 2031 734 2121 ἰσοπλεύρῳ
762 2033 914 2125 τριγώνῳ
937 2033 1084 2102 καθέτου

74 2130 312 2227 ἅχθείσης’ἆφ’
329 2140 404 2217 οἵας
420 2136 513 2217 τινὸς
531 2143 655 2223 γωνίας
673 2136 739 2206 ὑπὸ
758 2137 820 2224 τὴν
838 2136 1083 2209 ὑποτείνουσαν
1104 2164 1138 2214 15

74 2242 182 2332 αύτὴν
202 2243 364 2332 πλευράν,
386 2242 449 2331 τὴν
473 2243 534 2330 μὲν
553 2249 619 2330 ἔχει
638 2241 760 2328 ὀρθήν,
782 2243 844 2329 τὴν
862 2244 900 2311 δὲ
916 2249 1084 2332 διμοίρου,

72 2350 144 2440 ἥτις
165 2343 210 2438 ἦν
233 2350 290 2419 καὶ
312 2355 374 2419 τού
398 2350 600 2439 ἰσοπλεύρου
622 2347 802 2435 τριγιύνου,
824 2348 887 2436 τὴν
907 2350 945 2417 δὲ
963 2351 1084 2437 λοιπὴν

72 2456 137 2543 ἄρα
151 2463 275 2545 τρίτου.
304 2461 359 2525 δεῖ
374 2455 440 2545 γὰρ
459 2454 546 2524 εἶναι
566 2457 665 2524 δυσὶν
685 2453 806 2544 ὀρθαῖς
825 2464 899 2536 ῖσας
917 2453 975 2535 τὰς
988 2469 1084 2541 τρεῖς.

72 2569 175 2634 ταῦτα
199 2561 241 2633 ού
264 2564 438 2652 παρέργως
460 2565 729 2650 ἐπισημαίνομαι,
753 2560 825 2631 ἀλλ’
848 2561 892 2643 ὡς
914 2587 1084 2652 προπαρα-

73 2669 277 2752 σκευάζοντα
299 2668 386 2757 ἡμᾶς
408 2667 491 2757 πρὸς
513 2674 574 2738 τοῦ
602 2675 743 2756 Τιμαίου
766 2674 995 2739 διδασκαλίαν.
1103 2692 1139 2741 ιο

404 2865 461 2930 Ad
483 2889 587 2951 prop.
610 2866 760 2933 XXXIII.

141 2990 216 3057 115.
255 2987 301 3057 Τδ
330 2987 384 3073 λγ’
407 2987 570 3074 θεώρημα
598 2987 782 3076 σύμπτωμα
809 2989 910 3073 λε’γον
937 2993 1006 3056 τῶν
1036 2992 1085 3056 δε-

72 3095 228 3182 δομένων
262 3092 486 3181 παραλλήλων
522 3089 668 3162 εύθειῶν
706 3094 840 3179 γένεσιν
879 3102 1085 3183 παραλληλο-

71 3199 229 3289 γράμμου
248 3198 414 3288 σχήματος
428 3207 614 3286 λεληθυῖαν
628 3203 851 3282 παραδίδωσι·
873 3205 1002 3285 γίνεται
1019 3198 1084 3287 γὰρ

72 3305 422 3395 παραλληλόγραμμον
444 3310 481 3372 ἔκ
503 3331 539 3374 τε
565 3310 635 3373 τῶν
662 3307 696 3387 ἐξ
724 3305 828 3393 ἀρχῆς
855 3313 939 3374 ίσωυ
966 3305 1022 3372 καὶ
1049 3307 1085 3373 ἐκ
1104 3329 1139 3379 25

72 3416 142 3480 τῶν
159 3413 281 3491 ταύτας
299 3413 590 3496 ἐπιζευγνυουσῶν
608 3412 664 3478 καὶ
676 3412 908 3498 δεικνυμένων
928 3411 1087 3492 ὡσαύτως

146 3577 205 3626 ιιε.
223 3569 338 3640 v·(fq).

145 3719 169 3769 δ.
192 3709 256 3782 ὀπί]
276 3706 343 3766 ίπεί
357 3711 387 3767 Ρ.
451 3718 476 3766 9.
497 3706 611 3783 ὀρθαῖς]
631 3706 725 3779 ὀρθαί
738 3713 770 3767 P.
834 3717 875 3767 15.
894 3706 964 3784 ἀφ’]
984 3706 1037 3766 ἄπ’
1053 3712 1084 3767 P.

108 3779 185 3856 ὀπί]
209 3783 250 3838 σία
269 3782 356 3838 otiam
374 3782 450 3854 apud
469 3781 601 3837 Proelum·
618 3801 645 3852 p.
665 3787 731 3854 883,
749 3789 797 3851 283
827 3778 913 3841 ιοτ.ἐ
936 3785 957 3838 ί.
1042 3789 1090 3838 λδ.

72 3855 218 3943 &metm
235 3853 267 3909 P·
338 3858 379 3909 λδ.
400 3852 482 3926 ἴσων]
502 3850 564 3927 Vq,
583 3853 670 3917 florib.
690 3855 759 3916 ἴσον
779 3877 809 3917 τε
830 3857 883 3917 καὶ
901 3852 1110 3931 mmmm.
