2414 4236
237 492 394 545 scflom
411 496 451 546 m
469 496 744 549 ELEMEN'I'ORUM
761 498 900 550 LIBRUM
914 500 934 550 1.
1023 496 1087 561 153

75 632 115 701 δὲ
136 633 191 700 καί
213 646 287 713 ταῖς
309 630 485 720 ἀνισότησι
507 639 576 703 τῶν
598 643 753 724 πλευρῶν
774 634 796 725 ή
823 642 891 706 τῶν
918 636 1088 708 ὑποτεινο-

75 743 187 826 μένων
209 743 345 827 γωνιῶν
367 738 525 827 ἀνισότης
547 741 735 812 ἀκολουθεῖ
754 746 810 812 καὶ
828 742 1007 830 ἀνάπαλιν,
1032 743 1088 813 διὰ

75 849 137 913 τοῦ
158 844 205 932 ιη’
228 846 284 912 καὶ
308 845 360 913 ιθ’
384 849 601 935 θεωρήματος
624 851 863 936 διδασκόμεθα.
902 855 1002 919 τοῦτο
1026 850 1089 937 μὲν

75 953 139 1038 γὰρ
167 956 316 1021 δείκνυσι
344 951 406 1039 την
433 960 568 1040 μείζονα
595 956 744 1043 πλευράν
770 954 837 1024 ὑπὸ
865 956 928 1043 τήν
954 964 1088 1044 μείζονα

74 1065 212 1146 γωνίαν,
231 1058 269 1128 τὸ
291 1059 329 1127 δὲ
348 1059 401 1126 ιθ’
419 1057 486 1127 ὑπὸ
505 1059 566 1147 τὴν
586 1066 720 1147 μείζονα
733 1069 862 1148 γωνίαν
876 1062 939 1148 τὴν
953 1069 1087 1149 μείζονα
1124 1090 1141 1136 ε

72 1166 235 1252 πλευράν,
258 1163 489 1252 ἀντιστρόφως
508 1165 571 1252 μὲν
589 1164 757 1253 ἀλλήλοις,
781 1168 833 1235 ἐπὶ
854 1168 890 1235 δὲ
909 1173 978 1237 τῶν
993 1172 1088 1237 ἐναν-

72 1279 155 1341 τίων
177 1271 383 1359 πραγμάτων
405 1270 445 1339 τά
470 1269 555 1339 αὐτὰ
577 1277 776 1358 θεωροῦντα
800 1273 1023 1361 συμπτώματα
1042 1279 1087 1366 τῷ

72 1405 107 1446 τε
131 1377 159 1446 ε’
178 1377 234 1444 καί
256 1381 303 1467 τῷ
328 1375 360 1450 ς’
377 1376 582 1463 θεωρήματι.
620 1380 730 1447 ἰστέον
751 1381 799 1465 δέ,
823 1376 874 1446 ὅτι
893 1379 932 1446 τὰ
952 1380 1013 1467 μὲν
1031 1384 1088 1467 τῆς

73 1484 227 1570 ἰσότητος
252 1487 321 1552 τῶν
348 1488 484 1570 γωνιῶν
511 1479 533 1570 ἢ
560 1488 714 1570 πλευρῶν
742 1485 887 1553 δεικτικά
918 1501 988 1566 τοῖς
1021 1491 1087 1554 ίσο-

73 1590 232 1675 πλεύροις
258 1589 312 1657 καί
336 1590 544 1658 ίσοσκελίσιν
567 1589 789 1676 ἐφήρμοσται,
817 1591 857 1661 τά
881 1593 919 1660 δὲ
945 1596 1003 1679 τῆς
1031 1589 1085 1659 ἀν·
1109 1616 1138 1665 10

73 1695 229 1782 ισότητος
249 1709 318 1776 τοῖς
335 1703 515 1782 σκαληνοῑς
532 1696 588 1763 καὶ
608 1700 823 1766 ίσοσκελέσιν.
861 1697 934 1766 ἀλλ’
954 1699 1006 1767 ἐπὶ
1026 1697 1087 1784 μὲν

70 1806 140 1871 τῶν
162 1809 340 1889 σκαληνῶν
363 1806 562 1889 διαιροῦμεν
584 1800 646 1888 τήν
669 1809 827 1890 μεγίστην
855 1804 1004 1893 πλευράν
1031 1806 1087 1872 καὶ

73 1912 178 1996 μέσην
199 1908 256 1977 καί
280 1911 456 1996 ἐλαχίστην
478 1908 534 1976 καὶ
556 1906 618 1988 τάς
638 1915 764 1993 γωνίας
786 1907 954 1995 ὡσαύτως,
980 1912 1032 1980 ἐπὶ
1050 1911 1088 1980 δὲ

73 2019 142 2082 τῶν
169 2019 353 2083 ίσοσιιελῶν
382 2014 479 2101 ἀρκεῖ
503 2014 542 2082 τὸ
569 2021 680 2099 μεῖζον
708 2013 821 2096 ἁπλῶς
848 2019 903 2086 καὶ
935 2023 1085 2086 ἔλαττον·

72 2121 115 2189 τά
134 2119 196 2208 μὲν
212 2120 277 2208 γὰρ
295 2124 364 2188 τῶν
382 2119 558 2208 τριγιόνων
578 2119 729 2207 ίσότητός
748 2125 815 2189 ἐστι
834 2122 940 2208 μόνης
954 2129 1086 2209 ἔκγονα,
1108 2149 1140 2197 ιε

71 2226 114 2295 τά
133 2227 172 2296 δὲ
189 2224 386 2313 ἀνισότητος
404 2227 521 2314 μόνης,
539 2224 579 2294 τά
594 2226 632 2294 δὲ
646 2226 857 2313 ἀμφοτέρων,
877 2225 940 2295 ῶδλ
954 2229 1016 2314 μὲν
1031 2229 1086 2296 διά

72 2336 132 2420 τῆς
154 2333 321 2420 ἰσότητος,
346 2331 409 2401 ῶδὶ
433 2333 470 2401 δὲ
495 2331 551 2400 διά
574 2336 632 2419 τῆς
654 2331 853 2418 ἀνισότητος
876 2334 1087 2419 ἐφιστάμενα.

141 2445 194 2509 74.
221 2438 291 2507 Ὅτι
319 2439 381 2526 μὲν
408 2436 430 2525 ἡ
457 2450 526 2507 τῶν
549 2443 704 2525 πλευρῶν
727 2439 840 2525 ίσότης
867 2435 920 2524 ἐφ’
947 2439 1089 2506 ἑκάστου

71 2550 141 2615 τῶν
171 2546 348 2634 τριγῶνων
380 2556 454 2624 ίσας
485 2543 641 2614 ἀποτελεῖ
669 2543 728 2625 τάς
754 2543 821 2613 ὑπὸ
848 2544 978 2615 τούτων
1007 2541 1087 2613 ὑπο·

68 2655 265 2739 τεινομίνας
286 2658 422 2739 γωνίας,
445 2649 467 2738 ἡ
491 2652 529 2719 δὲ
551 2656 619 2720 τῶν
642 2656 777 2737 γωνιῶν
797 2651 911 2738 ίσότης
928 2650 1086 2733 ῶσαύτως
1105 2675 1140 2725 20

69 2756 130 2839 τάς
152 2755 395 2838 ῶτιοτεινούσας
417 2754 521 2836 αὐτάς
544 2757 690 2845 πλευράς
714 2767 787 2837 ίσας
810 2758 1008 2846 ἀποφαίνει,
1033 2784 1087 2845 με-

68 2861 272 2951 μαθήκαμεν
295 2863 352 2930 διά
375 2888 411 2931 τε
433 2867 496 2930 τοῦ
518 2862 557 2929 θ’
582 2863 638 2930 καὶ
662 2865 693 2940 ς’
716 2863 950 2951 θεωρήματος,
975 2863 1026 2932 ὅτι
1050 2863 1088 2932 δὲ

67 2970 125 3037 καλ
146 2982 220 3047 ταῖς
238 2964 435 3054 ἀνισότησιν
447 2971 515 3035 τῶν
531 2975 685 3055 πλευρῶν
698 2966 719 3055 ἡ
734 2973 802 3036 τῶν
816 2966 1086 3054 ὑποτεινομίνωυ

67 3078 207 3163 γωνιῶν
225 3072 384 3160 ἀνισότης
402 3071 589 3141 ἀκολουθεῖ
604 3075 659 3141 καί
679 3074 858 3158 ἀνάπαλιν,
882 3072 938 3140 διά
958 3073 1087 3141 τούτων

68 3180 304 3267 διδασκόμεθα
320 3183 388 3249 τῶν
407 3181 649 3267 θεωρημάτων,
667 3184 729 3248 τοῦ
748 3207 782 3248 τε
802 3177 1087 3247 ὀκτωκαιδεκάτου
1106 3206 1140 3254 25

67 3290 155 3374 λέγω
178 3285 319 3355 καὶτοῦ
343 3284 404 3353 ιθ’.
450 3282 488 3353 τδ
516 3283 578 3372 μὲν
606 3284 669 3372 γὰρ
694 3289 845 3352 δείκνυσι
867 3282 929 3371 τήν
953 3290 1087 3372 μείζονα

66 3392 220 3480 πλευρὰν
244 3388 311 3460 ὑπὸ
334 3389 397 3477 τήν
421 3398 555 3478 μείζονα
577 3397 717 3478 γωνίαν,
742 3394 780 3460 τὸ
804 3391 841 3460 δὲ
863 3389 929 3460 ὑπὸ
953 3397 1087 3476 μείζονα

66 3531 285 3542 ...ρ-..-

139 3593 182 3643 τε.
194 3572 231 3641 Ῥ.

139 3774 182 3824 11.
207 3765 301 3836 Supra
327 3760 499 3848 ίσοσιιελέσιν
526 3764 588 3819 add.
609 3760 658 3819 ἀν·
682 3782 718 3820 m.
738 3769 754 3818 2
774 3764 807 3820 V.
896 3772 940 3820 20.
964 3764 1094 3836 voeviaqk

63 3853 104 3913 γ’
122 3839 154 3896 P.
230 3832 304 3907 ἡδὶ
323 3855 378 3890 των
396 3835 518 3908 γωτιων]
539 3852 592 3893 οω.
611 3834 641 3892 Ρ.
716 3839 759 3895 24.
779 3831 935 3915 άνισότηςή
954 3835 1105 3911 ἰσότηςῖ.
