2414 4236
235 486 392 539 sonom
408 488 448 539 IN
465 486 742 539 ELEMENTORUM
760 485 899 537 LIBRUM
912 486 934 537 1.
1024 483 1085 547 161

65 631 110 696 αέ
133 627 197 697 δύο
227 624 359 695 εὐθεῖαι
389 625 567 707 ἐλάσσονες
593 630 653 713 τής
684 630 776 712 μιᾶς,
811 629 998 694 διίστανται
1031 622 1088 694 ἄπ’

71 733 231 820 άλλήλων
254 736 289 801 οί
308 732 438 819 κύκλοι,
460 733 516 801 καὶ
535 730 611 801 οὐδ’
629 730 734 813 οὕτως
754 738 948 800 συνίσταται
966 733 1004 801 τὸ
1024 739 1089 818 τρί-

67 866 197 926 γωνον,
219 834 296 908 οἷον
320 840 374 908 έπί
398 843 465 909 τῶν
488 837 718 926 ὑποκειμένων
741 838 875 907 κύκλων
898 837 918 925 ή
943 840 1005 925 μὲν
1025 849 1057 906 Δ
1064 846 1091 905 Ζ

68 945 191 1015 εὐθεῖα
212 954 268 1033 ίση
292 947 385 1016 ἐστὶν
407 951 447 1036 τῇ
469 953 542 1030 ΖΕ,
564 944 585 1034 ή
610 946 648 1014 δέ
667 953 735 1016 ΗΘ
759 954 814 1032 ίση
834 950 873 1034 τῇ
893 953 974 1015 HK.
1007 944 1091 1013 ὥστε

67 1059 193 1140 μείζων
209 1051 231 1140 ή
251 1060 324 1121 ΖΗ
340 1056 410 1122 τῶν
429 1060 503 1137 ΖΕ,
517 1060 586 1120 ΗΘ
607 1057 648 1141 τῇ
666 1059 743 1121 EK.
780 1051 899 1120 λοιπὸν
918 1050 984 1139 α”ρα
1002 1051 1085 1119 κατά
1128 1076 1145 1127 5

63 1158 134 1246 τήν
156 1163 293 1228 ἔκθεσιν
314 1164 377 1228 τοῦ
400 1163 614 1246 στοιχειωτοῦ
637 1164 785 1227 ἔστωσαν
805 1162 842 1225 αί
859 1156 922 1226 δύο
942 1165 1088 1244 μείζονες

68 1270 132 1352 τῆς
159 1270 292 1351 λοιπῆς,
320 1269 377 1334 ἵνα
406 1269 438 1347 ἐξ
466 1263 614 1352 ἀνάγκης
641 1264 696 1332 καί
724 1267 760 1333 οέ
783 1263 900 1332 κύκλοι
923 1265 1089 1350 τέμνωσιν

69 1369 243 1456 ἀλλήλους
259 1374 315 1439 καί
334 1371 371 1439 τὸ
391 1376 558 1457 τρίγωνον
576 1375 738 1459 συσταθῇ.
776 1377 888 1456 μεῖζον
907 1370 945 1438 δέ
964 1369 1092 1456 ὀφείλει

73 1476 270 1564 γράφεσθαι
290 1476 329 1544 τὸ
355 1483 426 1544 ΖΗ
445 1477 612 1561 διάστημα
635 1480 696 1543 τοῦ
721 1484 797 1557 ΔΖ,
821 1474 859 1543 τὸ
884 1475 921 1543 δέ
940 1483 1008 1543 ΗΘ
1029 1487 1090 1544 τοῦ

75 1588 152 1649 ΖΗ
169 1583 226 1650 καὶ
248 1580 267 1650 δ
290 1589 394 1652 ΚΛΘ
416 1582 539 1661 κύκλος
561 1587 682 1667 μείζων
704 1586 766 1650 τοῦ
789 1589 907 1650 ΚΑΛ.
1113 1608 1147 1658 10

146 1691 197 1757 86.
237 1685 307 1756 Ἐπί
338 1689 378 1756 τά
415 1687 635 1774 προβλήματα
670 1687 772 1756 πάλιν
809 1689 1035 1775 μετελήλυθεν
1073 1687 1091 1757 ὁ

70 1793 302 1881 στοιχειωτής,
330 1800 399 1862 ἔστι.
427 1793 465 1862 δὲ
492 1792 530 1862 τδ
555 1796 730 1880 πρόβλημα
757 1798 824 1863 τῶν
849 1796 1091 1882 διωρισμένων,

69 1899 149 1969 ἀλλ’
176 1898 310 1970 οὔτῶν
331 1898 544 1985 άδιορίστων.
581 1901 637 1967 καί
660 1901 724 1985 γάρ
747 1902 803 1968 καὶ
823 1903 874 1968 ἐπὶ
898 1900 1027 1970 τούτων
1051 1904 1091 1969 τά

73 2008 140 2092 μέν
163 2009 231 2076 ἐστι
255 2008 472 2094 διωρισμένα,
494 2008 535 2073 τὰ
561 2006 599 2073 δέ
622 2004 806 2093 ιἰδιόριστα.

144 2116 196 2182 87.
223 2110 303 2181 Ἐάν
325 2111 391 2199 γάρ
415 2111 459 2199 μή
484 2105 569 2181 οἶσιν
592 2116 630 2179 αί
651 2112 714 2179 δύο
737 2113 876 2198 πλευραί
895 2119 953 2199 τῆς
972 2121 1091 2201 λοιπῆς
1112 2140 1146 2189 ιε

67 2223 221 2307 μείζονες
242 2219 352 2307 πάντη
376 2217 720 2306 μεταλαμβανόμεναι,
744 2216 889 2283 άστατον
913 2223 1019 2285 ἔσται·
1051 2218 1092 2287 οὐ

67 2325 136 2413 γάρ
160 2327 407 2411 συσταθήσεται
430 2323 467 2392 τὸ
491 2329 659 2411 τρίγωνον
679 2324 712 2403 ἐξ
732 2319 878 2389 εὐθειῶν
898 2326 1088 2408 διδομένων

67 2433 168 2501 πέντε
191 2432 248 2499 καί
271 2432 367 2499 πέντε
389 2431 445 2498 καὶ
470 2432 550 2498 δέκα
573 2429 718 2518 πήχεων.

418 2628 475 2692 A'd
499 2651 605 2712 prop.
628 2627 747 2692 XXIII.

139 2754 193 2818 88.
230 2745 309 2816 Ἐάν
340 2753 380 2838 τή
413 2747 478 2836 πρὸ
511 2748 633 2834 ταύτης
663 2746 867 2835 χρησώμεθα
899 2753 1084 2837 κατασκευή
1111 2777 1146 2826 20

66 2852 373 2940 άπαραφυλάκτως,
397 2852 619 2941 εὑρεθήσεται
642 2853 705 2940 μὲν
729 2862 784 2939 ίση
809 2861 927 2939 γωνία,
952 2852 993 2923 οὐ
1012 2853 1095 2938 πρὸς

65 2966 117 3053 τῷ
137 2962 277 3030 δοθέντι
297 2960 334 3028 δὲ
353 2966 489 3052 σημείῳ,
515 2957 590 3027 ἀλλ’
608 2958 683 3045 ήτοι
701 2958 784 3044 πρὸς
798 2964 844 3051 τῷ
859 2961 959 3050 ἑτέρῳ
978 2962 1095 3045 πέρατι

67 3065 92 3156 ἢ
118 3065 203 3152 πρὸς
225 3069 264 3153 τῇ
288 3071 385 3156 κοινή
408 3070 476 3136 τῶν
500 3067 636 3135 κύκλων
654 3070 747 3153 τομή.
786 3064 831 3133 ἵν’
850 3058 913 3134 οὖν
932 3064 977 3153 μή
995 3069 1094 3132 τοῦτο

68 3173 250 3260 πάθωμεν,
275 3173 339 3241 αίεὶ
360 3172 422 3260 τήν
446 3175 639 3260 ἐκκειμένην
658 3169 797 3241 εὐθεῖαν
816 3177 898 3258 μίαν
916 3177 984 3241 των
1003 3199 1094 3260 περι-

67 3284 224 3370 εχουσῶν
251 3281 424 3365 ποιητέον,
457 3278 519 3365 τήν
548 3278 580 3347 δ’
606 3281 723 3364 ἑτέραν
753 3283 821 3346 τῶν
853 3284 1093 3384 περιεχουσῶν,
1114 3303 1148 3354 25

66 3386 158 3471 πρὸς
182 3380 232 3467 οἷς
255 3387 368 3473 μέρεσι
390 3398 494 3453 κεῖται
518 3385 557 3454 τδ
582 3385 689 3454 δοθὲν
709 3399 859 3472 σημεῖον.
898 3382 916 3452 ὁ
937 3384 1096 3473 Εὔδημος

144 3552 188 3602 86.
208 3546 238 3601 P.
314 3552 357 3601 87.
376 3545 407 3600 Β.
483 3550 526 3601 88.
549 3545 633 3599 Pvat
657 3546 704 3615 (Β,
729 3544 778 3599 sed
798 3548 904 3613 euan.);
933 3543 1031 3615 σχόλια
1055 3545 1096 3611 είς

66 3616 108 3677 τά
123 3613 286 3673 Εάκλείδον
306 3623 431 3685 στοιχεῖα
451 3618 521 3688 βιβλ.
537 3616 569 3669 α’
590 3617 653 3670 Vat.

71 3724 127 3733 ---
138 3724 174 3815 I.
188 3720 335 3841 In—Ii—g-ura
353 3757 447 3813 Procli
465 3778 495 3830 p.
511 3764 562 3813 332
581 3775 632 3845 μηο
651 3778 677 3845 η,
694 3778 714 3827 μ
731 3758 878 3846 ponendae
897 3761 965 3815 sunt
984 3777 1009 3830 ε,
1020 3781 1051 3830 κ,
1065 3763 1104 3815 ολ,

69 3850 139 3891 cum
159 3830 270 3886 nchoho
288 3832 433 3899 congruat.
507 3836 548 3884 23.
572 3830 601 3885 ἵν
632 3850 686 3887 ονν
706 3829 760 3907 μη]
783 3849 840 3893 om.
857 3833 888 3891 P.

125 3929 281 4008 κοιμίσαι,
296 3927 343 3966 εδδ.
357 3928 461 3977 Hoibeta
474 3931 600 3987 aemonae.
627 3935 655 3978 V.
918 3934 958 3986 II
