2414 4236
214 485 370 539 senem
388 488 428 540 m
445 487 720 540 οιοαοανοιιοιι
737 489 877 541 mun
889 491 922 543 v.
1013 486 1078 552 319

60 625 142 716 γάρ,
165 630 261 712 φησί,
283 625 321 695 τὸ
346 635 378 694 Α
400 625 482 715 πρὸς
504 626 542 695 τὸ
566 635 596 695 Β
619 628 753 713 μείζονα
776 627 881 714 λόγον
903 632 970 715 ἔχει
993 627 1077 719 ἥπερ

60 731 99 801 τὸ
122 738 154 802 Γ
172 755 257 818 προς
279 730 316 799 τὸ
337 739 381 818 Β,
412 729 453 800 ὃν
477 731 515 800 δὲ
538 732 642 818 λόγον
664 736 731 821 ἔχει
753 731 791 801 τὸ
815 741 847 800 Α
869 732 952 821 πρὸς
973 759 1012 802 το
1037 740 1076 819 Β,

59 864 122 908 τον
145 834 250 907 αὐτὸν
274 841 340 926 ἔχει
361 836 399 905 τὸ
424 845 456 905 Β
480 849 565 924 πρὸς
587 836 624 905 τὸ
649 845 692 923 Ζ,
720 837 758 907 τὸ
781 846 814 906 Β
838 839 971 920 πάντας
993 837 1077 925 πρὸς

60 944 98 1013 τὸ
123 952 151 1013 Ζ
179 949 313 1030 μείζονα
340 943 445 1031 λόγον
468 949 534 1032 ἔχει
558 943 642 1033 ἥπερ
665 942 705 1012 τὸ
728 951 761 1013 Γ
783 942 866 1033 πρὸς
893 944 931 1013 τὸ
955 952 996 1014 Β·
1034 943 1075 1014 ὃν

60 1051 99 1120 δὲ
121 1049 226 1137 λόγον
249 1047 315 1138 εἶχε
338 1048 376 1119 τὸ
396 1056 428 1118 Γ
446 1049 530 1139 πρὸς
552 1050 590 1119 τὸ
609 1056 648 1136 Β,
672 1051 832 1118 ἐλάττονα
855 1050 892 1119 δὲ
916 1051 1073 1137 δηλονότι
1112 1074 1129 1123 ο

59 1155 144 1247 ἤπερ
167 1156 205 1225 τὸ
224 1165 257 1224 Α
279 1155 361 1242 πρὸς
379 1154 418 1223 τὸ
435 1164 465 1224 Β
488 1157 544 1223 καὶ
562 1156 593 1224 τί
619 1163 651 1224 Β
672 1156 756 1244 πρὸς
773 1182 811 1225 το
832 1163 870 1242 Ζ,
892 1155 953 1225 τὸν
970 1155 1074 1226 αὐτὸν

60 1268 128 1353 ἔχει
149 1261 188 1332 τὸ
213 1271 245 1332 Β
264 1262 350 1352 πρὸς
372 1261 410 1331 τὸ
435 1270 476 1330 Δ.
513 1267 659 1331 λείπεται
682 1260 748 1349 ἄρα
769 1260 808 1331 τὸ
831 1269 864 1329 Β
883 1261 968 1351 πρὸς
990 1262 1027 1332 τὸ
1047 1271 1074 1332 Ζ

60 1374 195 1456 μείζονα
218 1369 322 1456 ᾐόνον
346 1374 434 1458 ἔχειν
457 1366 540 1456 ἥπερ
564 1365 602 1436 τὸ
626 1374 658 1435 Β
678 1365 763 1456 πρὸς
784 1364 822 1437 τὸ
846 1376 888 1436 Δ.

414 1568 471 1632 Ad
493 1586 598 1650 prop.
622 1564 722 1632 XXV.

62 1698 66 1707 ’
127 1692 179 1758 8Ἰ.
213 1686 285 1755 'Fal
307 1691 376 1757 τοῖν
400 1686 583 1774 ὁμογενῶν.
1066 1708 1128 1791 ,10

127 1799 178 1864 88.
216 1792 264 1862 Τὰ
283 1793 350 1881 ἄρα
369 1800 451 1879 ΑΗ,
471 1801 499 1862 Ζ
518 1801 575 1861 ἴσα
593 1794 666 1862 ἐστί
680 1820 711 1882 p.
729 1798 779 1880 70,
796 1798 852 1879 16]
874 1800 961 1882 φασί
975 1822 1073 1881 τινες,

59 1899 110 1969 ὅτι
143 1899 200 1968 διὰ
231 1898 293 1969 τὸν
325 1897 409 1986 ὅρον
441 1899 503 1968 τὸν
535 1901 690 1986 λέγοντα,
723 1898 775 1969 ὅτι
807 1898 868 1970 ἐὰν
900 1909 986 1982 ι’σοις
1017 1909 1075 1970 ἴσα

58 2010 241 2094 προστεθῇ,
258 2009 359 2075 τοῦτο
373 2003 622 2092 ἀποδείκνυται,
642 2003 704 2075 οὐκ
718 2005 853 2094 εἰδότες,
869 2003 888 2076 δ
903 2009 1074 2095 λέγουσιν·

60 2110 137 2180 οὔτε
159 2109 226 2198 γὰρ
248 2111 286 2179 τὸ
311 2118 386 2179 ΑΗ
404 2117 449 2204 τῷ
473 2119 501 2180 Ζ
525 2119 601 2180 ἴσον
624 2111 701 2181 οὔτε
722 2112 761 2181 τὸ
786 2119 848 2181 ΓΘ
869 2117 915 2206 τῷ
934 2122 966 2183 Β
988 2122 1073 2184 ἴσον.

60 2213 133 2284 ἀλλ’
159 2216 229 2286 ἐπεὶ
256 2215 294 2285 τὸ
322 2216 383 2303 μὲν
405 2224 483 2287 ΑΗ
509 2229 586 2288 ἴσον
614 2218 719 2305 ἐδόθη
745 2221 790 2311 τῷ
814 2226 859 2304 Β,
888 2218 927 2288 τὸ
951 2218 989 2288 δὲ
1012 2227 1074 2289 ΓΘ
1093 2238 1126 2287 ισ

59 2330 137 2391 ἴσον
155 2321 262 2411 ἐδόθη
279 2327 326 2418 τῷ
342 2332 380 2410 Ζ,
404 2321 486 2392 ὅταν
503 2326 594 2414 λέγῃ,
619 2322 669 2393 ὅτι
686 2322 821 2412 τὸΑΗ,
841 2332 868 2393 Ζ
891 2329 936 2417 τῷ
957 2332 1076 2412 ΓΘ,Β

59 2437 135 2497 ἴσον
158 2432 265 2517 ἐστίν,
293 2428 356 2499 οὐκ
378 2426 460 2499 ἄλλο
483 2432 572 2518 λέγει
594 2432 632 2518 ἥ,
661 2428 773 2500 ὅτιτὸ
798 2438 837 2518 Β,
861 2437 889 2498 Ζ
911 2435 957 2522 τῷ
981 2439 1020 2519 Ζ,
1044 2440 1076 2501 Β

59 2543 136 2604 ἴσον
158 2539 264 2622 ἐστίν,
297 2538 468 2607 τουτέστιν
496 2534 577 2606 αὐτο
605 2537 713 2628 ἑαυτῷ
741 2544 818 2606 ἴσον
847 2538 951 2606 ἐστίν·
989 2536 1072 2607 ὥστε

58 2640 207 2712 αὐτόθεν
230 2644 472 2731 ἐναργέστατον
500 2643 538 2712 τὸ
566 2643 749 2729 λεγόμενον
775 2644 832 2711 καὶ
855 2640 897 2712 οὐ
920 2643 977 2712 διὰ
1001 2644 1072 2730 τόν,

59 2749 99 2817 όν
128 2755 215 2837 φασί
239 2776 342 2836 τινες,
375 2747 468 2839 ὅρον.
519 2748 606 2835 πλὴν
634 2748 759 2837 ταύτην
791 2750 901 2837 μόνην
927 2749 991 2838 τὴν
1020 2753 1070 2821 ἐν·
1089 2768 1124 2819 20

58 2855 209 2942 αλλαγὴν
227 2861 293 2943 ἔχει
316 2853 335 2924 ὁ
354 2854 465 2942 λόγος,
489 2852 542 2924 ὅτι
561 2851 602 2923 οὗ
620 2856 721 2941 λέγει·
745 2863 821 2925 ἴσον
840 2857 908 2926 ἐστὶ
926 2855 965 2925 τὸ
984 2865 1024 2944 Β,
1044 2863 1072 2924 Ζ

57 2965 103 3052 τῷ
127 2968 171 3045 Β,
196 2967 223 3028 Z
249 2959 366 3047 πόλιν,
399 2959 484 3031 ἀλλὰ
511 2971 588 3029 ἴσον
615 2962 684 3030 ἐστὶ
710 2960 749 3030 τὸ
771 2969 817 3049 Β,
841 2970 869 3031 Ζ
895 2966 941 3055 τῷ
965 2970 1008 3048 Ζ,
1031 2970 1072 3050 Β,

56 3067 247 3155 παρόμοιον
271 3066 379 3153 ὥσπερ
404 3066 486 3138 όταν
504 3066 759 3155 όστειευόμενός
776 3095 827 3149 τις
849 3070 1070 3157 ἐναργέστατα

57 3175 164 3261 λέγων
188 3181 274 3261 εἴπῃ,
298 3171 350 3241 ὅτι
372 3176 537 3242 τοσοῦτον
560 3179 611 3242 ἔνι
632 3173 670 3242 τὸ
694 3176 827 3243 ἐκεῖθεν
851 3174 975 3243 ἐνθάδε
999 3173 1071 3243 διό·

58 3300 165 3367 στημα
183 3284 242 3365 τῆς
264 3277 360 3367 ὁδοῦ,
384 3277 468 3348 ὅσον
491 3284 544 3347 ἔνι
564 3280 621 3347 καὶ
644 3277 683 3348 τὸ
707 3282 867 3349 ἐντεῦθεν
890 3283 1001 3350 ἐκεῖσε.
1087 3301 1122 3352 νο

128 3464 171 3513 87.
190 3457 222 3512 Β.
295 3463 337 3514 88.
355 3458 377 3514 t.

58 3567 271 3576 ——--—-

130 3624 170 3672 18.
191 3613 297 3691 ἑαυτῷ]
317 3614 402 3674 ἑαυτό
421 3623 442 3674 t.

457 3798 668 3810 —
