2414 4236
237 521 393 574 SCHOLIA
411 523 450 573 IN
468 520 743 575 Efflfflmonun
760 522 899 574 LIBRUM
912 523 945 575 X.
1029 520 1092 585 {331

81 667 172 730 ἔσται
194 658 233 730 τὸ
257 662 382 747 λέγειν,
406 658 459 730 δτι
482 657 528 741 ὥς
550 657 571 747 ἡ
594 667 664 728 ΑΓ
686 659 771 749 πρὸς
791 658 854 748 τὴν
878 666 948 747 ΓΒ,
969 658 1095 730 ταύτὸν

78 773 124 859 τςῖ,
149 770 258 854 λέγειν
283 765 327 848 ὡς
345 765 366 855 ἡ
386 774 415 835 Β
422 775 455 834 Δ
477 765 559 855 πρὸς
576 765 639 854 τὴν
659 776 738 836 ΔΑ.
775 765 860 836 ὥστε
878 765 919 835 οὐ
938 769 1094 855 διῄρηται

79 879 127 954 εἰς
150 873 235 942 ἄλλα
257 873 313 942 καὶ
336 874 421 941 ἄλλα
443 872 596 960 τμήματα
620 871 702 941 ὄντα
726 872 789 942 δύο
809 871 906 960 ῥητοί·
935 882 1037 941 τοῦτο
1057 873 1095 941 δὲ

79 979 141 1067 οὐχ
164 978 337 1049 ὑπόκειται
359 978 398 1049 τὸ
418 983 466 1060 εἰς
484 977 521 1048 τὸ
541 977 623 1047 αὐτὸ
643 983 753 1067 τμῆμα
768 982 994 1066 διαιρεθῆναι,
1017 975 1091 1047 ἀλλ’

79 1091 127 1166 εἰς
149 1085 232 1156 ἄλλο
254 1087 311 1154 καὶ
333 1084 425 1153 ἄλλο.
462 1087 561 1172 χάριν
585 1085 623 1153 δὲ
645 1089 707 1154 τοῦ
729 1089 860 1173 σαφοῦς
883 1090 966 1153 ἔστω
986 1081 1007 1172 ἡ
1026 1092 1093 1153 ΑΒ
1129 1111 1146 1161 5

80 1191 244 1272 δεκάπους
262 1192 318 1259 καὶ
333 1193 537 1279 διαιρεδήτω
557 1196 603 1271 εἰς
621 1190 661 1258 τδι
676 1189 826 1279 ὀνόματα
839 1190 922 1259 κατὰ
936 1192 974 1260 τδ
989 1198 1022 1259 Γ
1035 1211 1092 1278 ση-

78 1312 184 1386 μεῖον,
203 1297 258 1365 καὶ
279 1302 362 1365 ἔστω
381 1297 418 1366 τὸ
438 1295 500 1384 μὲν
514 1302 583 1364 ΑΓ
597 1295 706 1383 ὄνομα
725 1296 905 1383 ἕπτᾶπουν,
924 1295 961 1366 τὸ
981 1296 1017 1365 δὲ
1032 1303 1093 1366 ΓΒ

77 1410 228 1490 τρίπουν.
252 1404 322 1472 ἐπεὶ
337 1395 435 1490 οὖνὴ
451 1411 485 1470 Δ
492 1410 521 1471 Β
533 1402 617 1472 κατὰ
630 1402 693 1489 τὴν
708 1400 875 1471 ὑπόθεσιν
888 1400 909 1490 ἡ
924 1401 1007 1490 αὐτή
1023 1404 1092 1471 ἐστι

77 1514 116 1598 τῇ
137 1516 212 1596 ΑΓ,
229 1511 285 1578 καὶ
302 1507 323 1597 ἡ
340 1519 373 1578 Δ
378 1516 407 1577 Β
425 1509 591 1590 ἑπτάπους
605 1511 704 1577 ἐστίν.
733 1505 885 1577 ὥστεκαὶ
900 1507 921 1596 ἡ
936 1518 1007 1577 ΑΛ
1024 1516 1092 1596 τρί-

76 1639 170 1695 πους.
192 1617 248 1682 καὶ
262 1614 372 1702 ὥσπερ
386 1615 424 1684 τὸ
434 1622 467 1683 Γ
476 1628 615 1702 σημεῖον
628 1611 686 1681 ἀπ’
698 1611 854 1701 ἀλλήλων
869 1615 1020 1701 διέστησε
1029 1615 1092 1702 τὴν
1112 1641 1146 1690 10

78 1722 248 1791 ἑπτάποδα
266 1724 322 1790 καὶ
339 1726 494 1808 τρίποδα,
518 1719 625 1801 οὕτως
641 1722 697 1789 καὶ
716 1719 754 1790 τὸ
773 1730 815 1789 Δ.
851 1720 889 1790 τὸ
904 1727 936 1788 Γ
950 1719 1016 1808 ἄρα
1034 1740 1091 1807 ση-

76 1843 172 1916 μεῖον
190 1827 302 1897 καὶτὸ
322 1836 356 1895 Δ
378 1825 502 1898 ταύτόν
526 1830 605 1913 ἐστι,
628 1829 684 1895 καὶ
703 1830 846 1917 διῃρέθη
865 1825 967 1915 ἡΛΒ
986 1831 1033 1907 εἰς
1051 1825 1091 1894 τὰ

78 1933 227 2022 ὀνόματα
255 1933 296 2004 οὔ
322 1934 395 2004 κατ’
417 1933 499 2004 ἄλλο
527 1936 583 2003 καὶ
608 1932 690 2003 ἄλλο
709 1939 820 2021 τμῆμα
843 1933 917 2022 ἤτοι
941 1947 1091 2021 σημεῖον,

77 2039 123 2122 ὡς
149 2040 170 2129 ἡ
199 2039 378 2127 ὑπόδεσις,
411 2039 496 2109 ἀλλὰ
523 2039 606 2109 κατὰ
633 2038 671 2108 τὸ
696 2037 789 2108 αὐτό.
835 2037 897 2128 οὐχ
919 2036 1091 2108 ὑπόκειται

77 2148 114 2215 δὲ
137 2143 219 2214 κατὰ
242 2145 280 2214 τὸ
304 2144 399 2230 αὐτό,
425 2146 511 2214 ἀλλὰ
533 2144 604 2213 κατ’
631 2144 713 2214 ἄλλο
736 2146 792 2214 καὶ
816 2144 906 2216 ἄλλο.
953 2144 1037 2214 ὥστε
1060 2150 1091 2213 εἰ
1111 2169 1144 2221 15

77 2253 139 2338 μέν
168 2255 253 2320 εἰσιν
281 2255 318 2318 αδ
343 2250 457 2338 αὐταί,
491 2248 534 2319 οὐ
561 2249 633 2320 κατ’
658 2251 741 2321 ἄλλο
765 2252 821 2319 καὶ
844 2253 925 2320 ἄλλο
950 2267 1089 2340 σημεῖον

76 2358 265 2447 διῄρηνται,
284 2355 368 2426 ἀλλὰ
388 2355 470 2426 κατὰ
488 2356 527 2427 τὸ
549 2356 643 2442 αὐτό,
661 2359 718 2426 καὶ
736 2358 855 2444 μέμονε
872 2357 1030 2426 τοιοῦτόν
1049 2385 1091 2444 τι,

75 2463 120 2545 ὡς
152 2462 196 2533 ἂν
229 2468 260 2532 εἰ
284 2463 348 2551 τὴν
376 2461 548 2534 ὀκτάποδα
577 2464 683 2533 διέλοι
710 2491 760 2544 τις
787 2465 873 2542 sle}
899 2462 955 2529 καὶ
980 2468 1002 2550 ᾦ
1033 2464 1089 2531 καὶ

75 2565 179 2651 αὖθις
197 2575 279 2658 alsy?
296 2572 351 2638 καὶ
365 2576 396 2640 ἓ·
419 2569 502 2649 κατὰ
518 2568 633 2659 γὰρτὸ
650 2567 732 2639 αὐτὸ
749 2576 876 2656 γίνεται
890 2565 911 2655 ἡ
926 2573 1089 2656 διαίρεσις

73 2684 182 2747 τῶνε
208 2677 263 2745 καὶ
286 2705 307 2764 y
333 2678 388 2745 καὶ
411 2706 434 2765 γ
460 2678 516 2746 καὶ
538 2681 564 2746 ἒ.
615 2674 698 2745 ὥστε
727 2681 757 2744 εἰ
785 2674 939 2764 διῄρηται
967 2681 1015 2756 εἰς
1045 2675 1085 2744 τὰ
1105 2700 1141 2749 20

73 2783 224 2870 ὀνόματα
241 2782 312 2853 κατ’
329 2782 413 2852 ἄλλο
432 2785 487 2852 καὶ
502 2783 585 2852 ἄλλο
604 2797 755 2870 σημεῖον,
779 2780 841 2852 οὐκ
860 2787 950 2850 ἔστιν
966 2779 987 2868 ἡ
1003 2781 1087 2869 αὐτὴ

72 2888 93 2977 ἡ
117 2898 187 2959 ΑΓ
204 2895 244 2980 τῇ
268 2898 352 2976 ΔΒ,
376 2887 449 2958 ἀλλ’
472 2891 574 2977 ἑτέρα.
621 2894 652 2957 εἰ
675 2888 711 2957 δὲ
734 2892 849 2973 τοῦτο,
874 2885 935 2976 οὐχ
958 2886 979 2974 ἡ
1004 2886 1088 2976 αὐτὴ

72 2997 227 3085 διῄρηται
251 3003 297 3077 εἰς
320 2996 359 3065 τὰ
387 2995 537 3081 ὀνόματα
555 2992 627 3064 κατ’
648 2994 731 3064 ἄλλο
755 2996 810 3063 καὶ
829 2993 912 3063 ἄλλο
936 3010 1086 3083 σημεῖον,

72 3100 155 3188 ὅπερ
183 3101 370 3188 ὑπόκειται,
403 3102 488 3188 λέγω
518 3099 559 3187 δὴ
589 3100 627 3170 τὸ
655 3104 869 3187 διαιρεθῆναι
892 3099 955 3187 τὴν
978 3099 1086 3187 αὐτὴν

72 3207 144 3277 κατ’
172 3208 254 3277 ἄλλο
283 3213 329 3289 εἰς
355 3206 396 3276 τὰ
425 3204 583 3294 ὀνόματα.
637 3206 763 3275 οὔκουν
791 3203 812 3294 ἡ
839 3213 904 3274 ΑΒ
932 3204 1085 3297 διῄρηται
1104 3230 1140 3280 25

70 3319 119 3394 εἰς
146 3313 186 3382 τδι
210 3312 359 3402 ὀνόματα
386 3311 457 3383 κατ’
483 3312 565 3381 ἄλλο
593 3313 648 3380 καὶ
677 3312 776 3396 ἄλλο,
809 3308 882 3380 ἀλλ’
909 3313 1002 3396 ἑτέρα
1029 3315 1088 3381 καὶ

72 3421 175 3505 ἑτέρα.
222 3418 285 3488 οὐκ
311 3412 356 3507 ἦν
383 3420 422 3488 δὲ
449 3424 670 3507 προκείμενον
698 3416 736 3486 τὸ
763 3416 871 3504 ἄλλην
897 3419 953 3485 καὶ
976 3417 1084 3505 ἄλλην

70 3539 183 3613 τεμεῖν
207 3530 255 3606 εἰς
276 3523 316 3593 τὰ
340 3524 501 3612 ὀνόματα,
524 3522 609 3592 ἀλλὰ
627 3522 691 3610 τὴν
710 3521 817 3610 αὐτὴν
836 3521 910 3591 κατ’
927 3523 1009 3593 ἄλλο
1028 3527 1084 3594 καὶ

70 3630 153 3700 ἄλλο
177 3646 325 3718 σημεῖον.

142 3788 421 3862 Ξ.ιὸς]τῶνὼςἾ.
479 3786 594 3861 δδτα
644 3790 762 3860 ηταίἾ.
817 3793 842 3847 0.
862 3788 927 3862 AB]
946 3794 1028 3845 ΑΔΒ
1047 3788 1082 3844 V.

109 3869 150 3918 1ο.
171 3862 332 3934 εἰ]εοοττ.
351 3862 385 3918 V.
461 3866 502 3918 18.
523 3785 655 3936 cmg
727 3857 991 3920 24.{>a4um*1.

890 3945 949 4004 W
