2424 4320
128 443 146 507 λ
150 443 193 508 36
385 440 568 494 mum
586 436 825 491 scflouontm
842 435 889 488 ιν.

128 583 209 675 μετὰ
226 587 290 653 τοῦ
307 580 374 651 ἀπὸ
394 586 456 650 τοῦ
475 583 598 649 λοιποῦ
616 578 739 666 μίρους
756 575 970 666 τετραγώνου
990 584 1064 658 λσος
1079 578 1148 648 ἐστὶ

128 702 174 786 τῷ
203 689 269 758 ἀπὸ
297 693 359 759 τοῦ
386 685 470 757 ὅλου
501 687 557 754 καὶ
588 689 651 754 τοῦ
676 683 925 773 προειρημένου
952 684 1076 772 μέρους
1103 682 1150 766 ὡς

128 796 190 885 ἀφ’
211 793 290 877 ἑνὸς
312 793 523 886 τετραγώνῳ·
552 791 633 881 ὅπερ
657 795 725 860 ἔδει
749 793 864 872 δεῖξαι.

614 988 662 1055 θ’.

95 1137 112 1185 ο
195 1111 275 1182 Ἐἀν
298 1111 446 1202 ἀριθμὸς
468 1116 626 1202 διαιρεθῇ
651 1115 743 1198 δίχα,
772 1114 820 1178 ἔτι
848 1109 886 1178 δὲ
910 1113 1067 1199 διαιρεθῇ
1090 1110 1147 1185 καλ

131 1224 178 1300 είς
205 1220 345 1301 ἀνίσους
371 1218 557 1307 ἀριθμούς,
588 1221 623 1287 oc
649 1215 715 1287 ἀπὸ
743 1220 813 1286 τών
835 1212 964 1285 ἀνίσων
987 1211 1147 1304 ἀριθμῶν

129 1325 334 1413 τετράγωνοι
358 1324 534 1393 διπλώσιοί
553 1329 618 1393 είσι
635 1327 697 1394 τοῦ
715 1321 781 1392 ἀπὸ
801 1327 863 1392 τοῦ
881 1320 1021 1410 ἡμίσεος
1036 1348 1148 1411 τετρα-

129 1430 245 1519 γώνου
267 1431 348 1519 μετὰ
371 1434 433 1499 τοῦ
456 1428 522 1499 ἀπὸ
544 1434 606 1499 τοῦ
629 1428 751 1517 μεταξὺ
773 1428 992 1517 τετραγώνου.

196 1536 310 1625 ἄρτιος
331 1536 397 1626 γάρ
421 1535 568 1624 ἀριθμὸς
591 1535 610 1605 6
634 1541 677 1623 αβ
701 1540 778 1624 δίχα
802 1534 979 1624 διῃρήσθω
1000 1539 1048 1616 είς
1066 1535 1147 1616 τοὺς

78 1665 111 1714 10
130 1669 184 1728 αγ,
198 1647 241 1729 γβ
259 1640 440 1731 ἀριθμούς,
459 1647 507 1723 είς
525 1641 665 1724 ἀνίσους
683 1641 721 1710 δὲ
736 1641 911 1730 διῃρήσθω
925 1638 1004 1720 τοὺς
1023 1645 1079 1727 αδ,
1095 1645 1146 1728 δβ.

129 1748 226 1835 λέγω,
246 1746 297 1818 ὄτι
316 1752 352 1818 οί
368 1747 434 1817 ἀπὸ
453 1759 522 1817 τών
538 1752 592 1834 αδ,
607 1753 651 1834 δβ
668 1746 872 1835 τετράγωνοι
889 1745 1065 1815 διπλώσιοί
1080 1751 1145 1816 είσι

128 1857 196 1922 τών
220 1851 285 1922 ἀπὸ
309 1858 379 1923 τών
403 1880 457 1942 αγ,
471 1858 514 1940 γδ
535 1853 764 1942 τετραγώνων.

196 1960 265 2027 ἐπεὶ
279 1960 344 2047 γὰρ
358 1959 474 2049 ἄρτιος
488 1956 635 2048 ἀριθμὸς
650 1957 668 2028 6
684 1965 728 2046 αβ
741 1963 790 2039 είς
803 1967 898 2037 ἴσους
912 1957 974 2044 μὲν
989 1957 1144 2047 διῄρηται

127 2063 206 2143 τοὺς
236 2093 289 2152 αγ,
308 2072 365 2153 γβ,
394 2071 441 2147 είς
468 2064 610 2148 ἀνίσους
638 2066 674 2134 δὲ
701 2064 779 2146 τοὺς
803 2070 862 2151 αδ,
882 2069 939 2151 δβ,
967 2063 985 2132 6
1014 2064 1081 2153 ἀρα
1110 2069 1144 2134 ἐκ

78 2193 110 2242 ιο
128 2176 197 2240 τών
211 2174 265 2258 αδ,
281 2177 323 2258 δβ
342 2172 423 2260 μετὰ
441 2177 502 2242 τοῦ
516 2171 582 2242 ἀπὸ
597 2177 659 2243 τοῦ
672 2178 715 2260 γδ
751 2209 756 2246 ι
942 2206 1134 2244 l—-ff—-l

130 2287 201 2359 ἴσος
223 2279 292 2348 ἐστὶ
315 2283 361 2374 τῷ
380 2277 447 2348 ἀπὸ
465 2285 527 2350 τοῦ
543 2307 585 2367 αγ
604 2307 715 2368 τετρα-
745 2265 764 2299 α
936 2264 953 2312 ⁷
1031 2246 1049 2297 ἃ
1127 2246 1144 2316 β

127 2385 235 2476 γώνω.
281 2385 299 2453 6
324 2387 377 2466 δὶς
400 2385 467 2473 ἀρα
491 2390 526 2456 ἐκ
549 2391 618 2456 τών
642 2390 696 2471 αδ,
717 2389 759 2471 δβ
787 2383 867 2472 μετά
897 2382 960 2452 δύο
983 2389 1052 2452 τῶν
1077 2383 1141 2453 ἀπὸ

127 2496 189 2558 τοῦ
216 2495 259 2577 γδ
285 2492 507 2580 τετραγώνων
535 2490 710 2572 διπλάσιός
737 2493 806 2560 ἐστι
833 2495 894 2559 τοῦ
923 2489 988 2559 ἀπὸ
1015 2494 1077 2559 τοῦ
1101 2518 1144 2577 αγ

126 2598 348 2684 τετραγώνου.
370 2599 424 2666 καὶ
441 2600 510 2666 ἐπεὶ
526 2595 544 2666 6
560 2604 603 2684 αβ
619 2602 695 2685 δι’χα
711 2597 866 2687 διῄρηται
881 2596 1079 2683 είςτοδςαγ,
1089 2603 1143 2684 γβ,

73 2724 107 2772 20
127 2701 145 2770 6
169 2703 235 2792 ἀρα
258 2703 323 2772 ἀπὸ
345 2709 408 2774 τοῦ
432 2711 476 2792 αβ
497 2704 708 2791 τετράγωνος
729 2703 967 2792 τετραπλάσιός
991 2706 1059 2771 ἐστι
1081 2708 1143 2771 τοῦ

125 2807 190 2877 ἀπὸ
210 2814 273 2878 τοῦ
290 2838 333 2897 αγ
355 2813 576 2898 τετραγώνου.
613 2813 669 2879 καὶ
689 2811 758 2880 ἐπεὶ
778 2808 796 2878 6
817 2811 869 2891 δὶς
888 2814 924 2879 ἐκ
942 2814 1010 2879 τών
1029 2814 1084 2896 αδ,
1100 2815 1143 2895 δβ

125 2918 205 3001 μετὰ
237 2917 300 2986 δύο
332 2923 401 2987 τών
434 2914 499 2986 ἀπὸ
530 2921 592 2986 τοῦ
617 2920 659 3004 δγ
688 2915 864 2996 διπλάσιός
886 2918 956 2985 ἐστι
982 2926 1044 2984 τοῦ
1075 2915 1142 2985 ἀπὸ

124 3027 186 3090 τοῦ
210 3051 263 3110 γα,
287 3026 347 3093 ἐὰν
372 3024 409 3092 δὲ
433 3016 495 3092 ώσι
519 3023 583 3091 δύο
607 3022 749 3110 ἀριθμοί
774 3020 792 3091 6
816 3022 879 3110 μὲν
898 3024 1009 3107 ἕτερος
1028 3019 1142 3089 αὐτῶν

123 3132 185 3196 τοῦ
201 3128 305 3198 αὐτοῦ
320 3130 568 3219 τετραπλάσιος,
588 3126 605 3197 6
622 3127 654 3196 δ’
671 3130 781 3217 ἕτερος
796 3127 980 3212 διπλάσιος,
995 3123 1014 3193 6
1029 3151 1142 3215 τετρα-

71 3256 105 3306 εσ
124 3237 264 3315 πλάσιος
288 3237 464 3317 διπλάσιός
487 3238 555 3305 ἐστι
577 3238 639 3305 τοῦ
659 3239 847 3318 διπλασίου,
871 3229 889 3300 6
909 3229 975 3317 ἀρα
994 3229 1060 3301 ἀπὸ
1080 3242 1143 3302 τοῦ

124 3346 168 3426 αβ
197 3343 374 3424 διπλώσιός
400 3346 469 3411 ἐστι
496 3353 557 3413 τοῦ
586 3343 639 3422 δὶς
665 3339 702 3411 ἐκ
728 3347 797 3412 τών
820 3343 881 3426 αδ,
900 3343 943 3425 δβ
972 3337 1053 3427 μετὰ
1078 3341 1141 3408 δύο

122 3451 191 3514 τών
220 3445 285 3517 ἀπὸ
313 3453 375 3517 τοῦ
403 3453 452 3536 δγ.
504 3455 594 3519 ἔστιν
627 3448 693 3538 ἀρα
725 3446 743 3518 6
773 3449 826 3530 δίς
858 3444 895 3516 ἐκ
922 3456 991 3516 τών
1019 3451 1078 3533 αδ,
1099 3451 1142 3533 δβ

124 3549 271 3623 ἐλάττων
294 3554 432 3642 ἡμίσεος
454 3560 517 3624 τοῦ
539 3554 604 3626 ἀπὸ
628 3560 690 3626 τοῦ
714 3562 758 3643 αβ
780 3559 827 3650 τῷ
852 3555 905 3635 δίς
923 3552 989 3623 ι’πὸ
1009 3557 1070 3622 τοῦ
1090 3558 1142 3640 δγ.

193 3789 217 3837 5.
239 3781 303 3854 ἐάν]
323 3803 374 3842 ser.
396 3784 448 3842 ίάν
468 3783 571 3857 ἄρτιος.
645 3795 669 3844 7.
689 3782 827 3859 ἡμισείας·
