2414 4236
224 457 381 509 εοιιοιιε
399 458 438 508 οι
451 458 732 511 σιυιιιιατοοοιι
749 458 888 512 mauu
902 460 923 512 1.
1010 455 1074 521 217

60 599 219 686 κειμένην
240 597 462 686 καταγραφὴν
483 599 695 686 τετράγωνον
719 603 795 687 ἔχει.
829 597 953 668 τούτου
971 597 1073 687 γὰρὴ

61 703 285 774 ὑποτείνουσα
316 702 443 787 πλευρά
474 701 537 790 τὴν
570 701 680 791 ὀρθὴν
712 709 842 790 γωνίαν
874 702 931 772 διά
963 702 1001 773 τὸ
1029 704 1074 792 μη

61 809 230 898 σκαληνὸν
265 807 466 879 ὑποκεῖσθαι
507 807 569 879 οὑκ
606 815 675 879 ἔστι
711 809 808 898 μήκει
845 809 948 899 ῥητή,
990 808 1075 880 άλλά

61 917 217 1004 δυνάμει·
238 918 295 984 καὶ
313 915 379 1003 γάρ
403 913 487 1003 αὕτη
511 917 672 1003 μονάδων
692 917 761 986 ἐστὶ
781 909 848 1000 ξδ’
869 917 919 986 ιε”
939 917 993 986 vm
1012 918 1074 986 λ””

59 1025 116 1092 καλ
140 1023 236 1110 μήκει
260 1019 322 1090 οὐκ
346 1027 415 1091 ἔστι
438 1021 533 1109 ῥητή,
557 1019 642 1091 ἀλλὰ
666 1021 818 1109 δυνάμει.
1112 1038 1130 1088 ο

132 1133 204 1198 156.
236 1134 418 1197 Δείκνυται
437 1133 536 1198 τοῦτο
555 1128 593 1198 τὸ
612 1132 671 1215 τῆς
689 1129 824 1216 νύμφης
842 1129 1003 1217 θεώρημα
1021 1131 1077 1198 καὶ

60 1234 288 1325 ἀριθμητικῶς
302 1233 421 1316 οὕτως·
436 1233 582 1304 Πλάτων
595 1239 664 1304 τῶν
678 1233 907 1304 άνισοσκελοῐν
918 1234 961 1316 ὡς
970 1240 1077 1323 δῆλον

60 1342 169 1431 μόνον
191 1346 296 1410 ταῦτα
318 1341 374 1409 καί
392 1339 499 1429 ῥητὴν
518 1347 631 1430 ἔχουσι
649 1339 711 1428 την
729 1341 888 1431 πλευράν,
911 1348 971 1410 καί
986 1343 1078 1412 ἐστιν

59 1449 115 1518 ἐπὶ
133 1452 201 1518 τῶν
219 1446 345 1534 άρτίων
363 1445 523 1535 ἀριθμῶν
534 1446 756 1535 δεικνύμενον
770 1445 891 1528 οὕτως·
914 1447 1078 1535 λαμβάνει

60 1557 101 1624 τὸ
124 1552 227 1642 η’μισυ
253 1558 316 1623 τοῦ
343 1555 566 1641 προκειμένου
594 1552 683 1645 αὐτῷ
712 1554 863 1642 άριθμοῦ
890 1555 946 1624 καὶ
978 1562 1077 1624 πολυ
1097 1567 1131 1618 10

60 1660 234 1743 πλασιάζει
256 1665 391 1748 πρῶτον
415 1659 468 1748 ἐφ’
495 1662 608 1731 ἑαυτό·
645 1659 717 1730 εἶτα
740 1660 932 1750 ἀφαιρεῖται
954 1661 1078 1731 τούτου

58 1767 99 1837 τὸ
124 1771 163 1836 ἓν
184 1768 241 1837 καί
264 1766 326 1836 τὸν
349 1768 469 1836 λοιπὸν
491 1763 643 1857 άριθμὸν
665 1767 727 1856 τὴν
746 1769 863 1857 ἑτέραν
882 1765 969 1836 εἶναι
989 1768 1078 1855 λέγει

60 1874 221 1963 πλευράν.
258 1870 330 1942 εἶτα
352 1872 456 1941 πάλιν
477 1880 680 1960 προστίθησι
699 1877 744 1965 τῷ
764 1871 830 1942 άπὸ
849 1876 909 1961 της
925 1871 1078 1960 ἡμισείας

62 1979 258 2072 τετραγώνῳ
278 1981 409 2066 μονάδα
428 1978 483 2046 καί
502 1978 628 2066 ταύτην
645 1977 809 2067 εἶναιτὴν
823 1976 1078 2050 ὑποτείνουσαν.

63 2090 147 2154 ἔστω
165 2085 230 2174 γάρ
250 2082 296 2165 ως
315 2088 351 2154 ἐν
369 2082 589 2171 ὑποδείγματι
607 2091 774 2170 τρίγωνον
793 2086 961 2166 ἰσοσκελὲς
976 2083 1078 2173 ὀρθο-
1100 2102 1132 2153 15

64 2191 193 2278 γω’νιον
216 2191 279 2278 τὴν
303 2197 383 2278 μίαν
406 2195 484 2277 ἔχον
507 2189 655 2277 πλευρὰν
678 2183 703 2258 δ
723 2199 788 2259 εἴτε
811 2201 990 2278 σπιθαμῶν
1014 2200 1079 2262 είτε

490 2301 626 2380 ποδῶν,
666 2303 731 2365 εἴτε
773 2293 994 2383 ὁπωσδήποτε(
1030 2324 1080 2379 τις

489 2401 596 2490 αὐτὴν
619 2398 798 2489 ὑποθῆται.
851 2406 993 2487 ζητεῖται
1016 2396 1079 2473 οὑν

394 2568 411 2576 -
489 2507 509 2596 ἡ
539 2509 638 2597 λοιπὴ
666 2507 794 2594 πλευρά
821 2508 877 2575 καί
904 2505 926 2595 ἡ
950 2505 1079 2578 ὑποτεί-

489 2636 611 2701 νουσα,
633 2615 690 2684 καλ
713 2615 853 2702 λέγομεν
876 2612 995 2696 οὕτως·
1027 2617 1080 2696 δὶς
1098 2632 1133 2682 20

491 2723 553 2790 δύο
590 2723 759 2809 τέσσαρες·
801 2726 901 2791 τοῦτο
937 2720 1003 2811 γάρ
1034 2715 1079 2810 ἦν

489 2827 528 2897 τὸ
551 2826 655 2916 ἥμισυ
677 2836 739 2895 τοῦ
757 2828 979 2914 προκειμένου
999 2825 1080 2915 ἡμῖν

491 2931 651 3022 άριθμοῦ.
687 2930 757 3001 εἶτα
775 2929 988 3021 ἀφαιροῦμεν
1005 2934 1080 3003 τοὺ-

491 3066 552 3108 του
579 3038 616 3109 τὸ
641 3041 695 3124 ἕν,
729 3039 785 3105 καί
812 3037 911 3106 τοῦτό
940 3040 1031 3109 ἐστιν
1057 3038 1079 3127 ἡ

492 3144 619 3233 πλευρὰ
654 3144 762 3232 ἤγουν
799 3142 817 3212 ὁ
848 3150 932 3232 τρία.
980 3164 1080 3235 προσ·
1099 3162 1134 3213 25

63 3255 202 3338 τίθεμεν
226 3251 265 3319 δὲ
291 3253 348 3320 καί
376 3255 423 3332 είς
446 3251 484 3321 τὸ
512 3250 577 3320 άπὸ
601 3255 660 3338 τῆς
686 3248 838 3337 ἡμισείας
868 3252 1081 3340 τετράγωνον

64 3356 213 3443 μονάδα,
245 3355 326 3447 ὅπερ
358 3350 402 3445 ἦν
430 3357 449 3428 ὁ
473 3351 510 3445 δ,
541 3361 600 3425 καί
625 3359 716 3426 ἐστιν
746 3353 768 3443 ἡ
799 3354 1024 3426 ὑποτείνουσα
1053 3370 1082 3427 ἒ.

64 3466 237 3531 δείκνυται
274 3455 338 3532 οὑν
372 3464 411 3533 τὸ
448 3464 609 3552 θεώρημα
643 3460 749 3543 οὕτως
786 3460 831 3544 ὥς
862 3465 899 3532 ἐν
930 3467 976 3555 τῷ
1009 3468 1080 3533 δια-

138 3609 199 3661 156.
217 3604 260 3671 λίς
283 3601 301 3675 ἡ
321 3602 422 3678 κάρφη
441 3605 478 3662 αδ
496 3605 518 3675 Ι,
537 3610 572 3661 47
590 3605 679 3660 αδεσπ.
697 3603 731 3660 V.

140 3733 164 3783 1.
189 3727 265 3785 Finis
289 3728 391 3785 scholii
414 3729 481 3785 inb
505 3728 579 3784 male
601 3726 716 3783 habitus
740 3732 792 3785 est.
884 3733 910 3786 7.
934 3724 972 3794 ὥς
993 3729 1080 3801 δῆλον

63 3793 169 3871 μόνον]
188 3799 298 3857 ineerta
315 3802 347 3856 ιι
364 3804 507 3871 corrupta.
