2414 4236
232 435 387 487 SCHOLIA
405 437 444 488 IN
462 434 737 486 ELEMENTORUM
755 435 894 486 LIBRUM
908 435 954 488 VI.
1027 431 1093 496 355

77 574 213 662 ἐλλιπής
232 566 296 643 οὖν
315 567 401 643 οὖσα
419 572 440 661 ἡ
456 578 517 643 τοῦ
531 575 765 661 προβλήματος
779 578 912 653 ἔνθεσις
924 571 1093 660 άσάφειαν

75 688 263 768 πεποίηκεν.

144 791 196 855 57.
235 786 290 855 Ἐν
317 791 364 881 τῷ
394 786 442 854 ια’
465 786 660 874 θεωρήματι
686 789 748 854 τοῦ
776 785 811 872 β’
834 788 1001 871 στοιχείου
1031 782 1093 852 οὐκ

76 896 203 976 ἔδειξεν
222 892 328 980 άκρον
345 893 402 961 καὶ
420 894 525 981 μέσον
542 893 645 980 λόγον
659 891 723 979 τήν
738 889 876 960 εὐθεῖαν
894 901 1093 978 τμηθεῖσαν,

75 1004 227 1070 ένταίθα
257 1001 293 1068 δὲ
315 1000 429 1068 θέλων
454 1002 575 1085 δεῖξαι,
601 1005 637 1068 τί
661 1003 752 1069 ἐστιν
782 999 887 1087 ἄκρον
909 997 966 1065 καὶ
988 998 1092 1084 μέσον
1128 1028 1144 1074 5

75 1106 215 1175 εὐθεῖαν
241 1111 413 1194 τμηθῆναι
436 1105 559 1174 τούτου
581 1105 681 1194 χάριν
704 1107 809 1186 ἔδειξε
831 1104 887 1171 καὶ
910 1101 952 1171 οὐ
975 1105 1091 1190 μάτην.

143 1216 196 1281 58.
235 1213 331 1293 Τινὲς
355 1209 522 1298 άποροῦσι
544 1213 707 1298 λέγοντες,
731 1209 784 1280 ὅτι
806 1211 844 1280 έν
866 1213 912 1302 τῷ
936 1209 984 1277 ια’
1007 1217 1092 1277 θεω-

75 1321 197 1406 ρήματι
223 1323 285 1387 τοῦ
308 1318 342 1405 β’
366 1324 502 1405 βιβλίου
531 1320 634 1399 ἔδειξε
659 1315 724 1405 τήν
757 1319 920 1386 δοθεῖσαν
952 1312 1092 1384 εὐθεῖαν

74 1423 181 1511 ἄκρον
208 1426 264 1494 καὶ
291 1426 396 1512 μέσον
419 1425 523 1511 λόγον
545 1432 718 1510 τμηθῆναι
742 1422 935 1510 δυναμένην
960 1422 1015 1490 καὶ
1039 1424 1092 1490 έν-

76 1535 188 1600 ταῦθα
211 1530 313 1600 πάλιν
336 1531 374 1600 τὸ
400 1527 482 1599 αὐτὸ
507 1532 660 1599 δεικνύει.
695 1529 753 1598 καὶ
776 1531 926 1616 λέγομεν,
950 1529 1002 1596 ὅτι
1025 1530 1095 1596 ἐκεῖ
1110 1555 1144 1606 10

76 1636 138 1707 οὐκ
166 1642 292 1722 ἔδειξεν
325 1637 430 1724 ἄκρον
463 1638 518 1705 καὶ
552 1638 656 1724 μέσον
682 1634 787 1723 λόγον
813 1643 1000 1724 τμηθεῖσαν
1028 1635 1091 1722 τήν

74 1745 229 1832 εὐθεῖαν,
262 1748 412 1814 ἐνταῦθα
441 1742 478 1811 δέ
504 1743 618 1811 θέλων
651 1744 773 1828 δεῖξαι,
803 1745 840 1809 τί
863 1742 954 1809 ἐστιν
985 1739 1091 1829 άκρον

73 1853 130 1919 καὶ
163 1854 266 1939 μέσον
297 1851 402 1940 λόγον
436 1847 576 1919 εὐθεῖαν
608 1853 797 1936 τμηθῆναι,
833 1847 956 1917 τούτου
992 1845 1091 1935 χάριν

77 1961 202 2039 ἔδειξεν
226 1957 318 2027 αὐτό.
363 1956 406 2027 οὐ
429 1956 538 2044 μάτην
562 1947 747 2024 οὖντοῦτο
770 1959 959 2040 πεποίηκεν.

142 2066 194 2132 ῠ9.
234 2063 417 2150 Τετμήσθω
441 2061 505 2151 γάρ
529 2064 655 2150 p.422‚
676 2064 730 2146 19]
756 2061 864 2141 οὕτως
887 2065 956 2130 ἔδει
974 2063 1091 2144 εἰπεῖν,
1110 2084 1143 2135 15

76 2175 167 2253 εἴπερ
187 2166 342 2253 ἐβούλετο
362 2172 512 2255 δηλῶσαι
530 2170 686 2255 φανερῶς
703 2165 762 2247 τάς
780 2192 815 2235 τε
834 2165 937 2255 ἄκρας
955 2164 1091 2245 εὐθείας

74 2274 130 2341 καὶ
152 2271 215 2360 τήν
238 2274 358 2360 μέσην,
382 2272 445 2342 ὅτι·
481 2273 657 2361 τετμήσθω
681 2269 702 2358 ή
726 2278 791 2339 ΑΒ
815 2279 863 2352 εῖς
884 2297 920 2340 τε
941 2270 1002 2357 τήν
1025 2275 1095 2338 ΑΓ

73 2380 129 2449 καὶ
152 2383 200 2460 εἰς
221 2377 284 2466 τήν
306 2385 377 2448 ΓΒ.

142 2490 192 2557 60.
220 2483 335 2554 Ἔστιν
358 2484 424 2574 άρα
452 2483 496 2566 ὡς
519 2482 540 2572 ἡ
564 2491 631 2552 ΒΑ
656 2491 724 2553 κτλ.
748 2509 778 2572 p.
801 2485 881 2570 422,
904 2484 961 2566 22]
990 2485 1090 2549 τοῦτο

74 2592 130 2660 διὰ
154 2592 192 2661 τὸ
217 2592 258 2674 ιζ’
281 2591 319 2661 τὸ
344 2593 460 2678 λέγον,
488 2589 539 2659 ὅτι
566 2591 622 2659 καὶ
650 2589 710 2659 ἐὰν
732 2589 769 2658 τὸ
793 2588 861 2658 ὑπὸ
883 2598 952 2656 τῶν
975 2585 1089 2672 άιιρων
1107 2612 1143 2663 20

72 2698 310 2786 περιεχόμενον
339 2694 554 2787 ὀρθογώνιον
581 2706 659 2766 ῖσον
685 2689 707 2786 ᾖ
734 2706 781 2790 τῷ
810 2692 876 2764 άπὸ
904 2699 963 2781 τής
989 2695 1091 2783 μέσης

71 2805 280 2897 τετραγώνῳ,
304 2807 342 2871 αἱ
362 2815 450 2892 τρεῖς
472 2803 604 2872 εὐθεῖαι
627 2803 808 2890 ἀνάλογον.

421 3000 477 3064 Ad
500 3022 603 3086 prop.
626 2999 746 3066 XXXI.
1027 3086 1030 3091 Ι

141 3125 192 3190 61.
227 3119 317 3189 Ἐπεὶ
336 3121 373 3190 δέ
392 3118 504 3189 διὰτὸ
523 3119 671 3208 πόρισμα
689 3123 751 3189 τοῦ
766 3119 800 3188 δ’
819 3123 881 3187 τοῦ
894 3118 924 3188 ε’
944 3125 1090 3207 βιβλίον,

72 3227 133 3296 έδιν
157 3227 220 3296 δύο
244 3229 371 3315 μεγέθη
395 3224 567 3313 άνάλομον
589 3218 622 3315 ᾖ,
646 3228 702 3295 καὶ
724 3225 894 3295 άνάττιιλιν
917 3222 1089 3313 άνάλογον
1107 3244 1142 3297 2⁶

144 3411 186 3460 οῖ.
207 3405 233 3459 b.
312 3409 353 3459 58.
373 3402 465 3474 BV·q
484 3404 518 3473 (l,
538 3405 567 3458 et
584 3403 617 3459 b³
635 3403 733 3459 addito
752 3401 783 3457 in
800 3401 883 3457 initio
901 3402 1089 3472 Λημιτρίον)ς

72 3477 119 3531 cfr.
140 3493 181 3530 nr.
201 3480 243 3530 57.
318 3478 399 3531 ολδ
472 3480 515 3530 60.
534 3472 605 3544 V⁸q.
679 3480 723 3530 61.
741 3473 789 3529 V'.

144 3641 168 3691 8.
194 3633 302 3701 ἔδειξεν
325 3635 356 3691 Β.
448 3640 473 3690 9.
498 3630 601 3706 λόγον]
625 3635 691 3704 post
713 3649 767 3689 τοι.
793 3639 807 3687 1
833 3631 890 3687 litt„
912 3629 940 3686 V
983 3647 1039 3689 om.
1057 3632 1090 3700 Β,

71 3701 138 3762 ὅλον
157 3706 210 3774 bq.
283 3711 326 3761 1³.
346 3701 444 3777 λόγον]
464 3721 519 3760 om.
538 3704 569 3759 B.
632 3703 796 3776 τμηθῆναι]
814 3707 910 3773 τεμεῖν
928 3673 989 3771 ές.
1046 3706 1089 3757 22.

71 3773 214 3847 άνάλοχον
233 3768 300 3831 άσιν
319 3774 353 3833 V.

878 3860 937 3917 w
